@article{Bill2010,
    author  = {Bill hall and James and Mark Todd},
    title   = {A good article},
    journal = {Computer},
    volume  = {2},
    number  = {3},
    year    = {2010}
}

@book{Tom1980,
    author    = {Tom Smith},
    editor    = {Tom Hardy},
    title     = {The mystery of computer science},
    publisher = {The publisher},
    year      = {1980}
}

@misc{latex,
    author       = {},
    title        = {Latex - A document preparation system},
    howpublished = {http://www.latex-project.org},
    year         = {2020}
}