@Article{Abadi2003,
  author  = {Abadi, Daniel J and Carney, Don and Çetintemel, Ugur and Cherniack, Mitch and Convey, Christian and Lee, Sangdon and Stonebraker, Michael and Tatbul, Nesime and Zdonik, Stan},
  journal = {the VLDB Journal},
  title   = {Aurora: a new model and architecture for data stream management},
  year    = {2003},
  issn    = {1066-8888},
  number  = {2},
  pages   = {120-139},
  volume  = {12},
  type    = {Journal Article},
}

@Article{Abbasi2016,
  author  = {Abbasi, Ahmed and Sarker, Suprateek and Chiang, Roger HL},
  journal = {Journal of the Association for Information Systems},
  title   = {Big data research in information systems: Toward an inclusive research agenda},
  year    = {2016},
  issn    = {1536-9323},
  number  = {2},
  pages   = {I},
  volume  = {17},
  type    = {Journal Article},
}

@Article{Adler1992,
  author  = {Adler, Nancy J and Bartholomew, Susan},
  journal = {Journal of International Business Studies},
  title   = {Academic and professional communities of discourse: Generating knowledge on transnational human resource management},
  year    = {1992},
  issn    = {0047-2506},
  number  = {3},
  pages   = {551-569},
  volume  = {23},
  type    = {Journal Article},
}

@Article{Agarwal2005,
  author  = {Agarwal, Ritu and Lucas Jr, Henry C},
  journal = {MIS quarterly},
  title   = {The information systems identity crisis: Focusing on high-visibility and high-impact research},
  year    = {2005},
  issn    = {0276-7783},
  number  = {3},
  volume  = {29},
  type    = {Journal Article},
}

@Article{Aggarwal2018,
  author  = {Aggarwal, Sanchit},
  journal = {International Journal of Recent Research Aspects},
  title   = {Modern Web-Development using ReactJS},
  year    = {2018},
  pages   = {133-137},
  volume  = {5},
  type    = {Journal Article},
}

@Article{Agrawal2011,
  author = {Agrawal, Divyakant and Bernstein, Philip and Bertino, Elisa and Davidson, Susan and Dayal, Umeshwas and Franklin, Michael and Gehrke, Johannes and Haas, Laura and Halevy, Alon and Han, Jiawei},
  title  = {Challenges and Opportunities with big data 2011-1},
  year   = {2011},
  type   = {Journal Article},
}

@Misc{2019,
  year   = {2019},
  type   = {Web Page},
  url    = {https://venturebeat.com/2019/07/19/why-do-87-of-data-science-projects-never-make-it-into-production/},
  volume = {2019},
}

@Article{Ajzen1991,
  author  = {Ajzen, Icek},
  journal = {Organizational behavior and human decision processes},
  title   = {The theory of planned behavior},
  year    = {1991},
  issn    = {0749-5978},
  number  = {2},
  pages   = {179-211},
  volume  = {50},
  type    = {Journal Article},
}

@Article{AkhavanHejazi2018,
  author  = {Akhavan-Hejazi, Hossein and Mohsenian-Rad, Hamed},
  journal = {Energy Reports},
  title   = {Power systems big data analytics: An assessment of paradigm shift barriers and prospects},
  year    = {2018},
  issn    = {2352-4847},
  pages   = {91-100},
  volume  = {4},
  type    = {Journal Article},
}

@Article{Akhtar2019,
  author  = {Akhtar, Pervaiz and Frynas, Jędrzej George and Mellahi, Kamel and Ullah, Subhan},
  journal = {British Journal of Management},
  title   = {Big Data‐Savvy Teams’ Skills, Big Data‐Driven Actions and Business Performance},
  year    = {2019},
  issn    = {1045-3172},
  number  = {2},
  pages   = {252-271},
  volume  = {30},
  type    = {Journal Article},
}

@Article{Akter2016,
  author  = {Akter, Shahriar and Wamba, Samuel Fosso},
  journal = {Electronic Markets},
  title   = {Big data analytics in E-commerce: a systematic review and agenda for future research},
  year    = {2016},
  issn    = {1019-6781},
  number  = {2},
  pages   = {173-194},
  volume  = {26},
  type    = {Journal Article},
}

@Article{Akter2016a,
  author  = {Akter, Shahriar and Wamba, Samuel Fosso},
  journal = {Electronic Markets},
  title   = {Big data analytics in E-commerce: a systematic review and agenda for future research},
  year    = {2016},
  issn    = {1019-6781},
  number  = {2},
  pages   = {173-194},
  volume  = {26},
  type    = {Journal Article},
}

@Article{Alaei2019,
  author  = {Alaei, Ali Reza and Becken, Susanne and Stantic, Bela},
  journal = {Journal of Travel Research},
  title   = {Sentiment analysis in tourism: capitalizing on big data},
  year    = {2019},
  issn    = {0047-2875},
  number  = {2},
  pages   = {175-191},
  volume  = {58},
  type    = {Journal Article},
}

@Article{Alavi1992,
  author  = {Alavi, Maryam and Carlson, Patricia},
  journal = {Journal of management information systems},
  title   = {A review of MIS research and disciplinary development},
  year    = {1992},
  issn    = {0742-1222},
  number  = {4},
  pages   = {45-62},
  volume  = {8},
  type    = {Journal Article},
}

@Article{Almaatouq2016,
  author  = {Almaatouq, Abdullah and Shmueli, Erez and Nouh, Mariam and Alabdulkareem, Ahmad and Singh, Vivek K and Alsaleh, Mansour and Alarifi, Abdulrahman and Alfaris, Anas},
  journal = {International Journal of Information Security},
  title   = {If it looks like a spammer and behaves like a spammer, it must be a spammer: analysis and detection of microblogging spam accounts},
  year    = {2016},
  issn    = {1615-5262},
  number  = {5},
  pages   = {475-491},
  volume  = {15},
  type    = {Journal Article},
}

@Article{Altameem2017,
  author  = {Altameem, Eman and Almakki, Riyad},
  journal = {International Journal of Computing},
  title   = {E-commerce Implementation: A Critical Review},
  year    = {2017},
  issn    = {2305-9184},
  number  = {2},
  pages   = {12-19},
  volume  = {6},
  type    = {Journal Article},
}

@InProceedings{Amato,
  author    = {Amato, Alba and Di Martino, Beniamino and Venticinque, Salvatore},
  booktitle = {2014 International Conference on Intelligent Networking and Collaborative Systems},
  title     = {Big data processing for pervasive environment in cloud computing},
  pages     = {598-603},
  publisher = {IEEE},
  isbn      = {1479963879},
  type      = {Conference Proceedings},
}

@InProceedings{Amatriain,
  author    = {Amatriain, Xavier},
  booktitle = {Proceedings of the 22nd ACM international conference on Information & Knowledge Management},
  title     = {Beyond data: from user information to business value through personalized recommendations and consumer science},
  pages     = {2201-2208},
  publisher = {ACM},
  isbn      = {1450322638},
  type      = {Conference Proceedings},
}

@Book{Anderson2010,
  author    = {Anderson, David J},
  publisher = {Blue Hole Press},
  title     = {Kanban: successful evolutionary change for your technology business},
  year      = {2010},
  isbn      = {0984521402},
  type      = {Book},
}

@Article{Angelov2008,
  author  = {Angelov, Samuil and Grefen, Paul},
  journal = {Journal of Systems and Software},
  title   = {An e-contracting reference architecture},
  year    = {2008},
  issn    = {0164-1212},
  number  = {11},
  pages   = {1816-1844},
  volume  = {81},
  type    = {Journal Article},
}

@InProceedings{Angelov,
  author    = {Angelov, Samuil and Grefen, Paul and Greefhorst, Danny},
  booktitle = {2009 Joint Working IEEE/IFIP Conference on Software Architecture & European Conference on Software Architecture},
  title     = {A classification of software reference architectures: Analyzing their success and effectiveness},
  pages     = {141-150},
  publisher = {IEEE},
  isbn      = {1424449847},
  type      = {Conference Proceedings},
}

@InProceedings{Angelova,
  author    = {Angelov, Samuil and Grefen, Paul and Greefhorst, Danny},
  booktitle = {2009 Joint Working IEEE/IFIP Conference on Software Architecture & European Conference on Software Architecture},
  title     = {A classification of software reference architectures: Analyzing their success and effectiveness},
  pages     = {141-150},
  publisher = {IEEE},
  isbn      = {1424449847},
  type      = {Conference Proceedings},
}

@InProceedings{Angelovb,
  author    = {Angelov, Samuil and Grefen, Paul and Greefhorst, Danny},
  booktitle = {2009 Joint Working IEEE/IFIP Conference on Software Architecture & European Conference on Software Architecture},
  title     = {A classification of software reference architectures: Analyzing their success and effectiveness},
  pages     = {141-150},
  publisher = {IEEE},
  isbn      = {1424449847},
  type      = {Conference Proceedings},
}

@InProceedings{Angelovc,
  author    = {Angelov, Samuil and Trienekens, Jos and Kusters, Rob},
  booktitle = {European Conference on Software Architecture},
  title     = {Software reference architectures-exploring their usage and design in practice},
  pages     = {17-24},
  publisher = {Springer},
  type      = {Conference Proceedings},
}

@InProceedings{Angelovd,
  author    = {Angelov, Samuil and Trienekens, Jos JM and Grefen, Paul},
  booktitle = {European Conference on Software Architecture},
  title     = {Towards a method for the evaluation of reference architectures: Experiences from a case},
  pages     = {225-240},
  publisher = {Springer},
  type      = {Conference Proceedings},
}

@Article{ACM1975,
  author  = {ANSI, ACM},
  journal = {SIGMOD FDT Bull},
  title   = {X3/SPARC study group on DBMS, interim report},
  year    = {1975},
  number  = {2},
  volume  = {7},
  type    = {Journal Article},
}

@Article{Antonacopoulou2010,
  author  = {Antonacopoulou, Elena P},
  journal = {British Journal of Management},
  title   = {Making the business school more ‘critical’: Reflexive critique based on phronesis as a foundation for impact},
  year    = {2010},
  issn    = {1045-3172},
  pages   = {s6-s25},
  volume  = {21},
  type    = {Journal Article},
}

@Book{Arthur2009,
  author    = {Arthur, W Brian},
  publisher = {Simon and Schuster},
  title     = {The nature of technology: What it is and how it evolves},
  year      = {2009},
  isbn      = {1439165785},
  type      = {Book},
}

@Misc{2019a,
  year = {2019},
  isbn = {1484251040},
  type = {Generic},
}

@Article{Avgeriou2003,
  author  = {Avgeriou, Paris},
  journal = {Enterprise Architecture Journal},
  title   = {Describing, instantiating and evaluating a reference architecture: A case study},
  year    = {2003},
  pages   = {1-24},
  volume  = {342},
  type    = {Journal Article},
}

@InBook{Bahrami2015,
  author    = {Bahrami, Mehdi and Singhal, Mukesh},
  pages     = {275-295},
  publisher = {Springer},
  title     = {The role of cloud computing architecture in big data},
  year      = {2015},
  type      = {Book Section},
  booktitle = {Information granularity, big data, and computational intelligence},
}

@InProceedings{Bakshi,
  author    = {Bakshi, Kapil},
  booktitle = {2012 IEEE Aerospace Conference},
  title     = {Considerations for big data: Architecture and approach},
  pages     = {1-7},
  publisher = {IEEE},
  isbn      = {1457705575},
  type      = {Conference Proceedings},
}

@Article{Baskerville2018,
  author  = {Baskerville, Richard and Baiyere, Abayomi and Gregor, Shirley and Hevner, Alan and Rossi, Matti},
  journal = {Journal of the Association for Information Systems},
  title   = {Design science research contributions: finding a balance between artifact and theory},
  year    = {2018},
  issn    = {1536-9323},
  number  = {5},
  pages   = {3},
  volume  = {19},
  type    = {Journal Article},
}

@Article{Baskerville2009,
  author  = {Baskerville, Richard L and Myers, Michael D},
  journal = {Mis Quarterly},
  title   = {Fashion waves in information systems research and practice},
  year    = {2009},
  issn    = {0276-7783},
  pages   = {647-662},
  type    = {Journal Article},
}

@Book{Bass2003,
  author    = {Bass, Len and Clements, Paul and Kazman, Rick},
  publisher = {Addison-Wesley Professional},
  title     = {Software architecture in practice},
  year      = {2003},
  isbn      = {0321154959},
  type      = {Book},
}

@Book{Bass2015,
  author    = {Bass, Len and Weber, Ingo and Zhu, Liming},
  publisher = {Addison-Wesley Professional},
  title     = {DevOps: A software architect's perspective},
  year      = {2015},
  isbn      = {013404987X},
  type      = {Book},
}

@Article{Bates2014,
  author  = {Bates, David W and Saria, Suchi and Ohno-Machado, Lucila and Shah, Anand and Escobar, Gabriel},
  journal = {Health Affairs},
  title   = {Big data in health care: using analytics to identify and manage high-risk and high-cost patients},
  year    = {2014},
  issn    = {0278-2715},
  number  = {7},
  pages   = {1123-1131},
  volume  = {33},
  type    = {Journal Article},
}

@Article{Batty2012,
  author  = {Batty, Michael and Axhausen, Kay W and Giannotti, Fosca and Pozdnoukhov, Alexei and Bazzani, Armando and Wachowicz, Monica and Ouzounis, Georgios and Portugali, Yuval},
  journal = {The European Physical Journal Special Topics},
  title   = {Smart cities of the future},
  year    = {2012},
  issn    = {1951-6355},
  number  = {1},
  pages   = {481-518},
  volume  = {214},
  type    = {Journal Article},
}

@Article{Bayer2004,
  author  = {Bayer, Joachim and Forster, Thomas and Ganesan, Dharmalingam and Girard, Jean-François and John, Isabel and Knodel, Jens and Kolb, Ronny and Muthig, Dirk},
  journal = {Fraunhofer IESE, March},
  title   = {Definition of reference architectures based on existing systems},
  year    = {2004},
  type    = {Journal Article},
}

@InProceedings{Behera,
  author    = {Behera, Rajat Kumar and Sahoo, Abhaya Kumar and Pradhan, Chittaranjan},
  booktitle = {2017 International Conference on Information Technology (ICIT)},
  title     = {Big Data Analytics in Real Time-Technical Challenges and its Solutions},
  pages     = {30-35},
  publisher = {IEEE},
  isbn      = {1538629240},
  type      = {Conference Proceedings},
}

@Article{Beneken2018,
  author = {Beneken, Gerd},
  title  = {Referenzarchitekturen},
  year   = {2018},
  type   = {Journal Article},
}

@InProceedings{Bengtsson,
  author    = {Bengtsson, PerOlof and Bosch, Jan},
  booktitle = {Proceedings. Fifth International Conference on Software Reuse (Cat. No. 98TB100203)},
  title     = {Scenario-based software architecture reengineering},
  pages     = {308-317},
  publisher = {IEEE},
  isbn      = {0818683775},
  type      = {Conference Proceedings},
}

@Article{Bengtsson2004,
  author  = {Bengtsson, PerOlof and Lassing, Nico and Bosch, Jan and van Vliet, Hans},
  journal = {Journal of Systems and Software},
  title   = {Architecture-level modifiability analysis (ALMA)},
  year    = {2004},
  issn    = {0164-1212},
  number  = {1-2},
  pages   = {129-147},
  volume  = {69},
  type    = {Journal Article},
}

@InProceedings{Benjelloun,
  author    = {Benjelloun, Fatima-Zahra and Lahcen, Ayoub Ait and Belfkih, Samir},
  booktitle = {2015 Intelligent Systems and Computer Vision (ISCV)},
  title     = {An overview of big data opportunities, applications and tools},
  pages     = {1-6},
  publisher = {IEEE},
  isbn      = {1479975117},
  type      = {Conference Proceedings},
}

@Article{Bohlouli2015,
  author  = {Bohlouli, Mahdi and Dalter, Jens and Dornhöfer, Mareike and Zenkert, Johannes and Fathi, Madjid},
  journal = {Journal of Information Science},
  title   = {Knowledge discovery from social media using big data-provided sentiment analysis (SoMABiT)},
  year    = {2015},
  issn    = {0165-5515},
  number  = {6},
  pages   = {779-798},
  volume  = {41},
  type    = {Journal Article},
}

@InProceedings{Bohn,
  author    = {Bohn, Robert B and Messina, John and Liu, Fang and Tong, Jin and Mao, Jian},
  booktitle = {2011 IEEE World Congress on Services},
  title     = {NIST cloud computing reference architecture},
  pages     = {594-596},
  publisher = {IEEE},
  isbn      = {1457708795},
  type      = {Conference Proceedings},
}

@Article{BolandJr2001,
  author  = {Boland Jr, Richard J and Singh, Jagdip and Salipante, Paul and Aram, John D and Fay, Sharon Y and Kanawattanachai, Prasert},
  journal = {Academy of Management Journal},
  title   = {Knowledge representations and knowledge transfer},
  year    = {2001},
  issn    = {0001-4273},
  number  = {2},
  pages   = {393-417},
  volume  = {44},
  type    = {Journal Article},
}

@Article{BolandJr2001a,
  author  = {Boland Jr, Richard J and Singh, Jagdip and Salipante, Paul and Aram, John D and Fay, Sharon Y and Kanawattanachai, Prasert},
  journal = {Academy of Management Journal},
  title   = {Knowledge representations and knowledge transfer},
  year    = {2001},
  issn    = {0001-4273},
  number  = {2},
  pages   = {393-417},
  volume  = {44},
  type    = {Journal Article},
}

@Article{Bollen2011,
  author  = {Bollen, Johan and Mao, Huina and Zeng, Xiaojun},
  journal = {Journal of computational science},
  title   = {Twitter mood predicts the stock market},
  year    = {2011},
  issn    = {1877-7503},
  number  = {1},
  pages   = {1-8},
  volume  = {2},
  type    = {Journal Article},
}

@Article{Borrego2014,
  author  = {Borrego, Maura and Foster, Margaret J and Froyd, Jeffrey E},
  journal = {Journal of Engineering Education},
  title   = {Systematic literature reviews in engineering education and other developing interdisciplinary fields},
  year    = {2014},
  issn    = {1069-4730},
  number  = {1},
  pages   = {45-76},
  volume  = {103},
  type    = {Journal Article},
}

@Book{Bosch2000,
  author    = {Bosch, Jan},
  publisher = {Pearson Education},
  title     = {Design and use of software architectures: adopting and evolving a product-line approach},
  year      = {2000},
  isbn      = {0201674947},
  type      = {Book},
}

@Article{Brereton2007,
  author  = {Brereton, Pearl and Kitchenham, Barbara A and Budgen, David and Turner, Mark and Khalil, Mohamed},
  journal = {Journal of systems and software},
  title   = {Lessons from applying the systematic literature review process within the software engineering domain},
  year    = {2007},
  issn    = {0164-1212},
  number  = {4},
  pages   = {571-583},
  volume  = {80},
  type    = {Journal Article},
}

@Article{Brewer2012,
  author  = {Brewer, Eric},
  journal = {Computer},
  title   = {CAP Twelve years Later: how the},
  year    = {2012},
  issn    = {0018-9162},
  number  = {2},
  pages   = {23-29},
  type    = {Journal Article},
}

@Article{Brewer2012a,
  author  = {Brewer, Eric},
  journal = {Computer},
  title   = {CAP Twelve years Later: how the},
  year    = {2012},
  issn    = {0018-9162},
  number  = {2},
  pages   = {23-29},
  type    = {Journal Article},
}

@Article{Brewer2012b,
  author  = {Brewer, Eric},
  journal = {Computer},
  title   = {CAP Twelve years Later: how the},
  year    = {2012},
  issn    = {0018-9162},
  number  = {2},
  pages   = {23-29},
  type    = {Journal Article},
}

@Book{Brockman2014,
  author    = {Brockman, John and Ferguson, Antony and Lee, Ann Marie},
  publisher = {Tantor Audio},
  title     = {This explains everything: Deep, beautiful, and elegant theories of how the world works},
  year      = {2014},
  isbn      = {1452699143},
  type      = {Book},
}

@Article{Bughin2016,
  author  = {Bughin, Jacques},
  journal = {Journal of Big Data},
  title   = {Big data, Big bang?},
  year    = {2016},
  issn    = {2196-1115},
  number  = {1},
  pages   = {2},
  volume  = {3},
  type    = {Journal Article},
}

@Article{Capilla2016,
  author  = {Capilla, Rafael and Jansen, Anton and Tang, Antony and Avgeriou, Paris and Babar, Muhammad Ali},
  journal = {Journal of Systems and Software},
  title   = {10 years of software architecture knowledge management: Practice and future},
  year    = {2016},
  issn    = {0164-1212},
  pages   = {191-205},
  volume  = {116},
  type    = {Journal Article},
}

@Book{Cervantes2016,
  author    = {Cervantes, Humberto and Kazman, Rick},
  publisher = {Addison-Wesley Professional},
  title     = {Designing software architectures: a practical approach},
  year      = {2016},
  isbn      = {0134390830},
  type      = {Book},
}

@Article{Chainey2008,
  author  = {Chainey, Spencer and Tompson, Lisa and Uhlig, Sebastian},
  journal = {Security journal},
  title   = {The utility of hotspot mapping for predicting spatial patterns of crime},
  year    = {2008},
  issn    = {0955-1662},
  number  = {1-2},
  pages   = {4-28},
  volume  = {21},
  type    = {Journal Article},
}

@Article{Chandrasekaran2013,
  author  = {Chandrasekaran, Sirish and Levin, Robert and Patel, Harry and Roberts, Roger},
  journal = {McKinsey & Company},
  title   = {Winning with IT in consumer packaged goods: Seven trends transforming the role of the CIO},
  year    = {2013},
  pages   = {1-8},
  type    = {Journal Article},
}

@TechReport{Chang2018,
  author = {Chang, Wo L and Boyd, David},
  title  = {NIST Big Data Interoperability Framework: Volume 6, Big Data Reference Architecture},
  year   = {2018},
  type   = {Report},
}

@TechReport{Chang2018a,
  author = {Chang, Wo L and Boyd, David},
  title  = {NIST Big Data Interoperability Framework: Volume 6, Big Data Reference Architecture},
  year   = {2018},
  type   = {Report},
}

@TechReport{Chang2015,
  author = {Chang, Wo L and Grady, Nancy},
  title  = {NIST Big Data Interoperability Framework: Volume 1, Big Data Definitions},
  year   = {2015},
  type   = {Report},
}

@TechReport{Chang2015a,
  author = {Chang, Wo L and Mishra, Sanjay},
  title  = {NIST Big Data Interoperability Framework: Volume 5, Architectures White Paper Survey},
  year   = {2015},
  type   = {Report},
}

@Article{Chaurasia2017,
  author  = {Chaurasia, Sushil S and Frieda Rosin, Anna},
  journal = {Industrial and Commercial Training},
  title   = {From Big Data to Big Impact: analytics for teaching and learning in higher education},
  year    = {2017},
  issn    = {0019-7858},
  number  = {7/8},
  pages   = {321-328},
  volume  = {49},
  type    = {Journal Article},
}

@Article{Chen2012,
  author  = {Chen, Hsinchun and Chiang, Roger HL and Storey, Veda C},
  journal = {MIS quarterly},
  title   = {Business intelligence and analytics: From big data to big impact},
  year    = {2012},
  issn    = {0276-7783},
  number  = {4},
  volume  = {36},
  type    = {Journal Article},
}

@Article{Chen2012a,
  author  = {Chen, Hsinchun and Chiang, Roger HL and Storey, Veda C},
  journal = {MIS quarterly},
  title   = {Business intelligence and analytics: From big data to big impact},
  year    = {2012},
  issn    = {0276-7783},
  number  = {4},
  volume  = {36},
  type    = {Journal Article},
}

@InProceedings{Chen,
  author    = {Chen, Hong-Mei and Kazman, Rick and Garbajosa, Juan and Gonzalez, Eloy},
  booktitle = {Proceedings of the 50th Hawaii International Conference on System Sciences},
  title     = {Big Data Value Engineering for Business Model Innovation},
  isbn      = {0998133108},
  type      = {Conference Proceedings},
}

@InProceedings{Chena,
  author    = {Chen, Hong-Mei and Kazman, Rick and Haziyev, Serge},
  booktitle = {2016 49th Hawaii International Conference on System Sciences (HICSS)},
  title     = {Agile big data analytics development: An architecture-centric approach},
  pages     = {5378-5387},
  publisher = {IEEE},
  isbn      = {0769556701},
  type      = {Conference Proceedings},
}

@Article{Chen2016,
  author  = {Chen, Hong-Mei and Kazman, Rick and Haziyev, Serge},
  journal = {IEEE Transactions on Big Data},
  title   = {Agile big data analytics for web-based systems: An architecture-centric approach},
  year    = {2016},
  issn    = {2332-7790},
  number  = {3},
  pages   = {234-248},
  volume  = {2},
  type    = {Journal Article},
}

@InProceedings{Chenb,
  author    = {Chen, Hong-Mei and Kazman, Rick and Haziyev, Serge and Hrytsay, Olha},
  booktitle = {Proceedings of the First International Workshop on BIG Data Software Engineering},
  title     = {Big data system development: An embedded case study with a global outsourcing firm},
  pages     = {44-50},
  publisher = {IEEE Press},
  type      = {Conference Proceedings},
}

@InProceedings{Chenc,
  author    = {Chen, Hong-Mei and Kazman, Rick and Matthes, Florian},
  booktitle = {Proceedings of Pre-ICIS (International Conference on Information System) DIGIT workshop},
  title     = {Demystifying big data adoption: Beyond IT fashion and relative advantage},
  type      = {Conference Proceedings},
}

@InProceedings{Chend,
  author    = {Chen, Hong-Mei and Kazman, Rick and Matthes, Florian},
  booktitle = {Proceedings of Pre-ICIS (International Conference on Information System) DIGIT workshop},
  title     = {Demystifying big data adoption: Beyond IT fashion and relative advantage},
  type      = {Conference Proceedings},
}

@Article{Chen2017,
  author  = {Chen, Hong-Mei and Schütz, Roland and Kazman, Rick and Matthes, Florian},
  journal = {MIS Quarterly Executive},
  title   = {How Lufthansa Capitalized on Big Data for Business Model Renovation},
  year    = {2017},
  issn    = {1540-1960},
  number  = {1},
  volume  = {16},
  type    = {Journal Article},
}

@Article{Chen2014,
  author  = {Chen, Min and Mao, Shiwen and Liu, Yunhao},
  journal = {Mobile networks and applications},
  title   = {Big data: A survey},
  year    = {2014},
  issn    = {1383-469X},
  number  = {2},
  pages   = {171-209},
  volume  = {19},
  type    = {Journal Article},
}

@Article{Chen2018,
  author  = {Chen, Min and Yang, Jun and Zhou, Jiehan and Hao, Yixue and Zhang, Jing and Youn, Chan-Hyun},
  journal = {IEEE Communications Magazine},
  title   = {5G-smart diabetes: Toward personalized diabetes diagnosis with healthcare big data clouds},
  year    = {2018},
  issn    = {0163-6804},
  number  = {4},
  pages   = {16-23},
  volume  = {56},
  type    = {Journal Article},
}

@InBook{Chen2018a,
  author    = {Chen, Ye-Sho},
  pages     = {2686-2696},
  publisher = {IGI Global},
  title     = {E-Business and Big Data Strategy in Franchising},
  year      = {2018},
  type      = {Book Section},
  booktitle = {Encyclopedia of Information Science and Technology, Fourth Edition},
}

@InProceedings{Cioroaica,
  author    = {Cioroaica, Emilia and Chren, Stanislav and Buhnova, Barbora and Kuhn, Thomas and Dimitrov, Dimitar},
  booktitle = {Proceedings of the 13th European Conference on Software Architecture-Volume 2},
  title     = {Towards creation of a reference architecture for trust-based digital ecosystems},
  pages     = {273-276},
  type      = {Conference Proceedings},
}

@Book{Clements2003,
  author    = {Clements, Paul and Kazman, Rick and Klein, Mark},
  publisher = {Tsinghua University Press Beijing},
  title     = {Evaluating software architectures},
  year      = {2003},
  isbn      = {7302063893},
  type      = {Book},
}

@Book{Clements2003a,
  author    = {Clements, Paul and Kazman, Rick and Klein, Mark},
  publisher = {Tsinghua University Press Beijing},
  title     = {Evaluating software architectures},
  year      = {2003},
  isbn      = {7302063893},
  type      = {Book},
}

@Article{Cloutier2010,
  author  = {Cloutier, Robert and Muller, Gerrit and Verma, Dinesh and Nilchiani, Roshanak and Hole, Eirik and Bone, Mary},
  journal = {Systems Engineering},
  title   = {The concept of reference architectures},
  year    = {2010},
  issn    = {1098-1241},
  number  = {1},
  pages   = {14-27},
  volume  = {13},
  type    = {Journal Article},
}

@Article{Cohen2007,
  author  = {Cohen, Debra J},
  journal = {Academy of Management Journal},
  title   = {The very separate worlds of academic and practitioner publications in human resource management: Reasons for the divide and concrete solutions for bridging the gap},
  year    = {2007},
  issn    = {0001-4273},
  number  = {5},
  pages   = {1013-1019},
  volume  = {50},
  type    = {Journal Article},
}

@Article{Collier2018,
  author  = {Collier, Zachary A and Lambert, James H},
  journal = {IEEE Systems Journal},
  title   = {Evaluating management actions to mitigate disruptive scenario impacts in an e-commerce systems integration project},
  year    = {2018},
  issn    = {1932-8184},
  number  = {1},
  pages   = {593-602},
  volume  = {13},
  type    = {Journal Article},
}

@Article{Comuzzi2016,
  author  = {Comuzzi, Marco and Patel, Anit},
  journal = {Industrial management & Data systems},
  title   = {How organisations leverage big data: A maturity model},
  year    = {2016},
  issn    = {0263-5577},
  number  = {8},
  pages   = {1468-1492},
  volume  = {116},
  type    = {Journal Article},
}

@Article{Corbellini2017,
  author  = {Corbellini, Alejandro and Mateos, Cristian and Zunino, Alejandro and Godoy, Daniela and Schiaffino, Silvia},
  journal = {Information Systems},
  title   = {Persisting big-data: The NoSQL landscape},
  year    = {2017},
  issn    = {0306-4379},
  pages   = {1-23},
  volume  = {63},
  type    = {Journal Article},
}

@Book{Corporation2002,
  author    = {Corporation, Microsoft},
  publisher = {Microsoft Press},
  title     = {Application Architecture for. NET: Designing Applications and Services},
  year      = {2002},
  isbn      = {0735618372},
  type      = {Book},
}

@InProceedings{Coulthard,
  author    = {Coulthard, Darryl and Keller, Susan},
  booktitle = {ACIS 2011: Proceedings of the 22nd Australasian Conference on Information Systems: Identifying the Information Systems Discipline},
  title     = {Information Systems in and of the Information Age},
  pages     = {1-7},
  publisher = {AIS-Association of Information Systems},
  type      = {Conference Proceedings},
}

@Article{Crampton2015,
  author  = {Crampton, Jeremy W},
  journal = {GeoJournal},
  title   = {Collect it all: National security, big data and governance},
  year    = {2015},
  issn    = {0343-2521},
  number  = {4},
  pages   = {519-531},
  volume  = {80},
  type    = {Journal Article},
}

@InProceedings{Cuesta,
  author    = {Cuesta, Carlos E and del Pilar Romay, María and de la Fuente, Pablo and Barrio-Solórzano, Manuel},
  booktitle = {European Workshop on Software Architecture},
  title     = {Architectural aspects of architectural aspects},
  pages     = {247-262},
  publisher = {Springer},
  type      = {Conference Proceedings},
}

@InBook{Curley2018,
  author    = {Curley, Martin and Salmelin, Bror},
  pages     = {123-127},
  publisher = {Springer},
  title     = {Data-Driven Innovation},
  year      = {2018},
  type      = {Book Section},
  booktitle = {Open Innovation 2.0},
}

@Article{Damanpour2006,
  author  = {Damanpour, Fariborz and Schneider, Marguerite},
  journal = {British journal of Management},
  title   = {Phases of the adoption of innovation in organizations: effects of environment, organization and top managers 1},
  year    = {2006},
  issn    = {1045-3172},
  number  = {3},
  pages   = {215-236},
  volume  = {17},
  type    = {Journal Article},
}

@Book{Davenport2012,
  author    = {Davenport, Thomas H and Barth, Paul and Bean, Randy},
  publisher = {MIT Sloan Management Review},
  title     = {How'big data'is different},
  year      = {2012},
  type      = {Book},
}

@Article{Davenport2012a,
  author  = {Davenport, Thomas H and Patil, DJ},
  journal = {Harvard business review},
  title   = {Data scientist},
  year    = {2012},
  number  = {5},
  pages   = {70-76},
  volume  = {90},
  type    = {Journal Article},
}

@Article{Davis1989,
  author  = {Davis, Fred D},
  journal = {MIS quarterly},
  title   = {Perceived usefulness, perceived ease of use, and user acceptance of information technology},
  year    = {1989},
  issn    = {0276-7783},
  pages   = {319-340},
  type    = {Journal Article},
}

@Article{Davis2019,
  author  = {Davis, Jenny L and Love, Tony P},
  journal = {Information, Communication & Society},
  title   = {Generalizing from social media data: a formal theory approach},
  year    = {2019},
  issn    = {1369-118X},
  number  = {5},
  pages   = {637-647},
  volume  = {22},
  type    = {Journal Article},
}

@Article{DelVecchio2018,
  author  = {Del Vecchio, Pasquale and Mele, Gioconda and Ndou, Valentina and Secundo, Giustina},
  journal = {Information Processing & Management},
  title   = {Creating value from social big data: implications for smart tourism destinations},
  year    = {2018},
  issn    = {0306-4573},
  number  = {5},
  pages   = {847-860},
  volume  = {54},
  type    = {Journal Article},
}

@InProceedings{Demchenko,
  author    = {Demchenko, Yuri and De Laat, Cees and Membrey, Peter},
  booktitle = {2014 International Conference on Collaboration Technologies and Systems (CTS)},
  title     = {Defining architecture components of the Big Data Ecosystem},
  pages     = {104-112},
  publisher = {IEEE},
  isbn      = {1479951587},
  type      = {Conference Proceedings},
}

@InProceedings{Demchenkoa,
  author    = {Demchenko, Yuri and Grosso, Paola and De Laat, Cees and Membrey, Peter},
  booktitle = {2013 International Conference on Collaboration Technologies and Systems (CTS)},
  title     = {Addressing big data issues in scientific data infrastructure},
  pages     = {48-55},
  publisher = {IEEE},
  isbn      = {1467364045},
  type      = {Conference Proceedings},
}

@InProceedings{Derras,
  author    = {Derras, Mustapha and Deruelle, Laurent and Douin, Jean-Michel and Levy, Nicole and Losavio, Francisca and Pollet, Yann and Reiner, Valérie},
  booktitle = {ICSOFT},
  title     = {Reference Architecture Design: A Practical Approach},
  pages     = {633-640},
  type      = {Conference Proceedings},
}

@InProceedings{Derrasa,
  author    = {Derras, Mustapha and Deruelle, Laurent and Douin, Jean-Michel and Levy, Nicole and Losavio, Francisca and Pollet, Yann and Reiner, Valérie},
  booktitle = {ICSOFT},
  title     = {Reference Architecture Design: A Practical Approach},
  pages     = {633-640},
  type      = {Conference Proceedings},
}

@InProceedings{Dezfouli,
  author    = {Dezfouli, Mahdis Banaie and Shahraki, Mohammad H Nadimi and Zamani, Hoda},
  booktitle = {2018 International Conference on Artificial Intelligence and Data Processing (IDAP)},
  title     = {A Novel Tour Planning Model using Big Data},
  pages     = {1-6},
  publisher = {IEEE},
  isbn      = {1538668785},
  type      = {Conference Proceedings},
}

@Article{Dodds2011,
  author  = {Dodds, Peter Sheridan and Harris, Kameron Decker and Kloumann, Isabel M and Bliss, Catherine A and Danforth, Christopher M},
  journal = {PloS one},
  title   = {Temporal patterns of happiness and information in a global social network: Hedonometrics and Twitter},
  year    = {2011},
  issn    = {1932-6203},
  number  = {12},
  pages   = {e26752},
  volume  = {6},
  type    = {Journal Article},
}

@TechReport{Dolata2017,
  author      = {Dolata, Ulrich},
  institution = {Stuttgarter Beiträge zur Organisations-und Innovationsforschung, SOI …},
  title       = {Apple, Amazon, Google, Facebook, Microsoft: Market concentration-competition-innovation strategies},
  year        = {2017},
  type        = {Report},
}

@InProceedings{Drake,
  author    = {Drake, Bret G and Hoffman, Stephen J and Beaty, David W},
  booktitle = {2010 IEEE Aerospace Conference},
  title     = {Human exploration of Mars, design reference architecture 5.0},
  pages     = {1-24},
  publisher = {IEEE},
  isbn      = {142443887X},
  type      = {Conference Proceedings},
}

@Article{Durahim2015,
  author  = {Durahim, Ahmet Onur and Coşkun, Mustafa},
  journal = {Technological Forecasting and Social Change},
  title   = {# iamhappybecause: Gross National Happiness through Twitter analysis and big data},
  year    = {2015},
  issn    = {0040-1625},
  pages   = {92-105},
  volume  = {99},
  type    = {Journal Article},
}

@Book{Eco2004,
  author    = {Eco, Umberto},
  publisher = {Random House},
  title     = {The name of the rose},
  year      = {2004},
  isbn      = {0099466031},
  type      = {Book},
}

@PhdThesis{Eichler2019,
  author = {Eichler, Rebecca Kay},
  title  = {Metadata management in the data lake architecture},
  year   = {2019},
  type   = {Thesis},
}

@InProceedings{ElAlaoui,
  author    = {El Alaoui, Imane and Gahi, Youssef and Messoussi, Rochdi},
  booktitle = {2019 IEEE 4th International Conference on Cloud Computing and Big Data Analysis (ICCCBDA)},
  title     = {Full Consideration of Big Data Characteristics in Sentiment Analysis Context},
  pages     = {126-130},
  publisher = {IEEE},
  isbn      = {1728114101},
  type      = {Conference Proceedings},
}

@Book{Elmasri2008,
  author    = {Elmasri, Ramez},
  publisher = {Pearson Education India},
  title     = {Fundamentals of database systems},
  year      = {2008},
  isbn      = {8131716252},
  type      = {Book},
}

@Book{Elmasri2017,
  author = {Elmasri, Ramez},
  title  = {Fundamentals of database systems},
  year   = {2017},
  type   = {Book},
}

@Book{Engelhardt1987,
  author    = {Engelhardt, Hugo Tristram and Engelhardt Jr, H Tristram and Caplan, Arthur L},
  publisher = {Cambridge University Press},
  title     = {Scientific controversies: Case studies in the resolution and closure of disputes in science and technology},
  year      = {1987},
  isbn      = {0521275601},
  type      = {Book},
}

@Article{Erevelles2016,
  author  = {Erevelles, Sunil and Fukawa, Nobuyuki and Swayne, Linda},
  journal = {Journal of Business Research},
  title   = {Big Data consumer analytics and the transformation of marketing},
  year    = {2016},
  issn    = {0148-2963},
  number  = {2},
  pages   = {897-904},
  volume  = {69},
  type    = {Journal Article},
}

@InProceedings{Espinosa,
  author    = {Espinosa, J Alberto and Kaisler, Stephen and Armour, Frank and Money, William},
  booktitle = {Proceedings of the 52nd Hawaii International Conference on System Sciences},
  title     = {Big Data Redux: New Issues and Challenges Moving Forward},
  isbn      = {0998133124},
  type      = {Conference Proceedings},
}

@Misc{2018,
  year = {2018},
  isbn = {0167-739X},
  type = {Generic},
}

@Article{Fischer2010,
  author  = {Fischer, Christian and Winter, Robert and Wortmann, Felix},
  journal = {Business & Information Systems Engineering},
  title   = {Design theory},
  year    = {2010},
  issn    = {1867-0202},
  number  = {6},
  pages   = {387-390},
  volume  = {2},
  type    = {Journal Article},
}

@Misc{2017,
  year = {2017},
  type = {Generic},
}

@Article{Fuller1957,
  author  = {Fuller, R Buckminster},
  journal = {Royal Architectural Institute of Canada},
  title   = {A comprehensive anticipatory design science},
  year    = {1957},
  volume  = {34},
  type    = {Journal Article},
}

@Article{GALSTER,
  author  = {GALSTER, M and AVGERIOU, P},
  journal = {Joint ACM},
  title   = {Empirically-grounded reference architectures},
  type    = {Journal Article},
}

@InProceedings{Galster,
  author    = {Galster, Matthias and Avgeriou, Paris},
  booktitle = {Proceedings of the joint ACM SIGSOFT conference--QoSA and ACM SIGSOFT symposium--ISARCS on Quality of software architectures--QoSA and architecting critical systems--ISARCS},
  title     = {Empirically-grounded reference architectures: a proposal},
  pages     = {153-158},
  publisher = {ACM},
  isbn      = {1450307248},
  type      = {Conference Proceedings},
}

@Book{Gamma1995,
  author    = {Gamma, Erich},
  publisher = {Pearson Education India},
  title     = {Design patterns: elements of reusable object-oriented software},
  year      = {1995},
  isbn      = {8131700070},
  type      = {Book},
}

@Article{Gandomi2015,
  author  = {Gandomi, Amir and Haider, Murtaza},
  journal = {International journal of information management},
  title   = {Beyond the hype: Big data concepts, methods, and analytics},
  year    = {2015},
  issn    = {0268-4012},
  number  = {2},
  pages   = {137-144},
  volume  = {35},
  type    = {Journal Article},
}

@Misc{2014,
  year = {2014},
  type = {Web Page},
  url  = {http://www.gartner.com/document/2841519},
}

@Article{Ghasemaghaei2019,
  author  = {Ghasemaghaei, Maryam},
  journal = {Enterprise Information Systems},
  title   = {Are firms ready to use big data analytics to create value? The role of structural and psychological readiness},
  year    = {2019},
  issn    = {1751-7575},
  pages   = {1-25},
  type    = {Journal Article},
}

@Article{Ghosh2018,
  author  = {Ghosh, Biswadip},
  journal = {Journal of Information Systems Applied Research},
  title   = {Exploratory Study of Organizational Adoption of Cloud based Big Data Analytics},
  year    = {2018},
  number  = {3},
  pages   = {4},
  volume  = {11},
  type    = {Journal Article},
}

@InProceedings{Gohil,
  author    = {Gohil, Asvin and Modi, Hardik and Patel, Shobhit K},
  booktitle = {2013 international conference on intelligent systems and signal processing (ISSP)},
  title     = {5G technology of mobile communication: A survey},
  pages     = {288-292},
  publisher = {IEEE},
  isbn      = {1479903175},
  type      = {Conference Proceedings},
}

@InBook{Govindarajan2019,
  author    = {Govindarajan, M},
  pages     = {57-66},
  publisher = {IGI Global},
  title     = {Challenges for Big Data Security and Privacy},
  year      = {2019},
  type      = {Book Section},
  booktitle = {Advanced Methodologies and Technologies in Network Architecture, Mobile Computing, and Data Analytics},
}

@Article{Grad2009,
  author  = {Grad, Burton and Bergin, Thomas J},
  journal = {IEEE Annals of the History of Computing},
  title   = {Guest Editors' Introduction: History of Database Management Systems},
  year    = {2009},
  issn    = {1058-6180},
  number  = {4},
  pages   = {3-5},
  volume  = {31},
  type    = {Journal Article},
}

@Article{Greefhorst1999,
  author  = {Greefhorst, D},
  journal = {Software Release Magazine. v2},
  title   = {Een applicatie-architectuur voor het web bij de bank—de pro's en contra's van toestandsloosheid},
  year    = {1999},
  type    = {Journal Article},
}

@Article{Greefhorst2006,
  author  = {Greefhorst, Danny and Gehner, Patrick},
  journal = {Via Nova Architectura},
  title   = {Achmea streamlines application development and integration},
  year    = {2006},
  type    = {Journal Article},
}

@Article{Greefhorst2006a,
  author  = {Greefhorst, Danny and Koning, Henk and Van Vliet, Hans},
  journal = {Information Systems Frontiers},
  title   = {The many faces of architectural descriptions},
  year    = {2006},
  issn    = {1387-3326},
  number  = {2},
  pages   = {103-113},
  volume  = {8},
  type    = {Journal Article},
}

@Article{Gregor2006,
  author  = {Gregor, Shirley},
  journal = {MIS quarterly},
  title   = {The nature of theory in information systems},
  year    = {2006},
  issn    = {0276-7783},
  pages   = {611-642},
  type    = {Journal Article},
}

@Misc{2011,
  year = {2011},
  isbn = {1617-9846},
  type = {Generic},
}

@Article{Gregor2013,
  author  = {Gregor, Shirley and Hevner, Alan R},
  journal = {MIS quarterly},
  title   = {Positioning and presenting design science research for maximum impact},
  year    = {2013},
  issn    = {0276-7783},
  pages   = {337-355},
  type    = {Journal Article},
}

@Article{Gregor2013a,
  author  = {Gregor, Shirley and Hevner, Alan R},
  journal = {MIS quarterly},
  title   = {Positioning and presenting design science research for maximum impact},
  year    = {2013},
  issn    = {0276-7783},
  pages   = {337-355},
  type    = {Journal Article},
}

@Article{Gregor2007,
  author  = {Gregor, Shirley and Jones, David},
  journal = {Journal of the Association for Information systems},
  title   = {The anatomy of a design theory},
  year    = {2007},
  issn    = {1536-9323},
  number  = {5},
  pages   = {312-335},
  volume  = {8},
  type    = {Journal Article},
}

@Article{Gregor2006a,
  author  = {Gregor, Shirley and Martin, Michael and Fernandez, Walter and Stern, Steven and Vitale, Michael},
  journal = {The Journal of Strategic Information Systems},
  title   = {The transformational dimension in the realization of business value from information technology},
  year    = {2006},
  issn    = {0963-8687},
  number  = {3},
  pages   = {249-270},
  volume  = {15},
  type    = {Journal Article},
}

@InProceedings{Grosskurth,
  author    = {Grosskurth, Alan and Godfrey, Michael W},
  booktitle = {21st IEEE International Conference on Software Maintenance (ICSM'05)},
  title     = {A reference architecture for web browsers},
  pages     = {661-664},
  publisher = {IEEE},
  isbn      = {0769523684},
  type      = {Conference Proceedings},
}

@Article{Grover2018,
  author  = {Grover, Varun and Chiang, Roger HL and Liang, Ting-Peng and Zhang, Dongsong},
  journal = {Journal of Management Information Systems},
  title   = {Creating strategic business value from big data analytics: A research framework},
  year    = {2018},
  issn    = {0742-1222},
  number  = {2},
  pages   = {388-423},
  volume  = {35},
  type    = {Journal Article},
}

@InBook{Gudivada2018,
  author    = {Gudivada, Venkat and Apon, Amy and Rao, Dhana L},
  pages     = {76-100},
  publisher = {IGI Global},
  title     = {Database systems for big data storage and retrieval},
  year      = {2018},
  type      = {Book Section},
  booktitle = {Handbook of Research on Big Data Storage and Visualization Techniques},
}

@Article{Guo2015,
  author  = {Guo, Lei and Vargo, Chris},
  journal = {Mass Communication and Society},
  title   = {The power of message networks: A big-data analysis of the network agenda setting model and issue ownership},
  year    = {2015},
  issn    = {1520-5436},
  number  = {5},
  pages   = {557-576},
  volume  = {18},
  type    = {Journal Article},
}

@Article{Gupta2016,
  author  = {Gupta, Manjul and George, Joey F},
  journal = {Information & Management},
  title   = {Toward the development of a big data analytics capability},
  year    = {2016},
  issn    = {0378-7206},
  number  = {8},
  pages   = {1049-1064},
  volume  = {53},
  type    = {Journal Article},
}

@Article{Halper2013,
  author  = {Halper, Fern and Krishnan, Krish},
  journal = {TDWI Benchmark Guide},
  title   = {TDWI big data maturity model guide interpreting your assessment score},
  year    = {2013},
  pages   = {2013},
  volume  = {2014},
  type    = {Journal Article},
}

@InProceedings{Han,
  author    = {Han, Jing and Haihong, E and Le, Guan and Du, Jian},
  booktitle = {2011 6th international conference on pervasive computing and applications},
  title     = {Survey on NoSQL database},
  pages     = {363-366},
  publisher = {IEEE},
  isbn      = {1457702088},
  type      = {Conference Proceedings},
}

@Book{Harrison2015,
  author    = {Harrison, Guy},
  publisher = {Apress},
  title     = {Next Generation Databases: NoSQLand Big Data},
  year      = {2015},
  isbn      = {1484213297},
  type      = {Book},
}

@Article{Hausenblas2015,
  author  = {Hausenblas, Michael and Bijnens, Nathan},
  journal = {URL: http://lambda-architecture. net/. Luettu},
  title   = {Lambda architecture},
  year    = {2015},
  pages   = {2014},
  volume  = {6},
  type    = {Journal Article},
}

@Article{He2015,
  author  = {He, Wu and Wu, Harris and Yan, Gongjun and Akula, Vasudeva and Shen, Jiancheng},
  journal = {Information & Management},
  title   = {A novel social media competitive analytics framework with sentiment benchmarks},
  year    = {2015},
  issn    = {0378-7206},
  number  = {7},
  pages   = {801-812},
  volume  = {52},
  type    = {Journal Article},
}

@InBook{Hevner2010,
  author    = {Hevner, Alan and Chatterjee, Samir},
  pages     = {9-22},
  publisher = {Springer},
  title     = {Design science research in information systems},
  year      = {2010},
  type      = {Book Section},
  booktitle = {Design research in information systems},
}

@Article{Hollingsworth1995,
  author  = {Hollingsworth, David and Hampshire, UK},
  journal = {Document Number TC00-1003},
  title   = {Workflow management coalition: The workflow reference model},
  year    = {1995},
  pages   = {16},
  volume  = {19},
  type    = {Journal Article},
}

@Book{Holma2020,
  author    = {Holma, Harri and Toskala, Antti and Nakamura, Takehiro},
  publisher = {John Wiley & Sons},
  title     = {5G Technology: 3GPP New Radio},
  year      = {2020},
  isbn      = {1119236312},
  type      = {Book},
}

@Misc{2012,
  year = {2012},
  type = {Web Page},
  url  = {https://obamawhitehouse.archives.gov/blog/2012/03/29/big-data-big-deal},
}

@Article{Howe2008,
  author  = {Howe, Doug and Costanzo, Maria and Fey, Petra and Gojobori, Takashi and Hannick, Linda and Hide, Winston and Hill, David P and Kania, Renate and Schaeffer, Mary and St Pierre, Susan},
  journal = {Nature},
  title   = {Big data: The future of biocuration},
  year    = {2008},
  issn    = {1476-4687},
  number  = {7209},
  pages   = {47},
  volume  = {455},
  type    = {Journal Article},
}

@Article{Huda2018,
  author  = {Huda, Miftachul and Maseleno, Andino and Atmotiyoso, Pardimin and Siregar, Maragustam and Ahmad, Roslee and Jasmi, Kamarul and Muhamad, Nasrul},
  journal = {International Journal of Emerging Technologies in Learning (iJET)},
  title   = {Big data emerging technology: insights into innovative environment for online learning resources},
  year    = {2018},
  issn    = {1863-0383},
  number  = {1},
  pages   = {23-36},
  volume  = {13},
  type    = {Journal Article},
}

@InProceedings{Hummel,
  author    = {Hummel, Oliver and Eichelberger, Holger and Giloj, Andreas and Werle, Dominik and Schmid, Klaus},
  booktitle = {2018 44th Euromicro Conference on Software Engineering and Advanced Applications (SEAA)},
  title     = {A collection of software engineering challenges for big data system development},
  pages     = {362-369},
  publisher = {IEEE},
  isbn      = {1538673835},
  type      = {Conference Proceedings},
}

@Article{Idris2019,
  author  = {Idris, Nuruldelmia and Foozy, Cik Feresa Mohd and Shamala, Palaniappan},
  journal = {International Journal of Engineering Information Computing and Application},
  title   = {A Generic Review of Web Technology: DJango and Flask},
  year    = {2019},
  number  = {1},
  volume  = {1},
  type    = {Journal Article},
}

@Article{ISO/IEC2010,
  author  = {ISO/IEC},
  journal = {ISO/IEC 42010, Geneva, Switzerland},
  title   = {Systems and Software Engineering - Architecture Description},
  year    = {2010},
  type    = {Journal Article},
}

@Article{Jacobs2009,
  author  = {Jacobs, Adam},
  journal = {Communications of the ACM},
  title   = {The pathologies of big data},
  year    = {2009},
  issn    = {0001-0782},
  number  = {8},
  pages   = {36-44},
  volume  = {52},
  type    = {Journal Article},
}

@Article{Jagadish2014,
  author  = {Jagadish, HV and Gehrke, Johannes and Labrinidis, Alexandros and Papakonstantinou, Yannis and Patel, Jignesh M and Ramakrishnan, Raghu and Shahabi, Cyrus},
  journal = {Communications of the ACM},
  title   = {Big data and its technical challenges},
  year    = {2014},
  issn    = {0001-0782},
  number  = {7},
  pages   = {86-94},
  volume  = {57},
  type    = {Journal Article},
}

@InProceedings{Jambunathan,
  author    = {Jambunathan, Baskaran and Yoganathan, Kalpana},
  booktitle = {2018 International Conference on Current Trends towards Converging Technologies (ICCTCT)},
  title     = {Architecture Decision on using Microservices or Serverless Functions with Containers},
  pages     = {1-7},
  publisher = {IEEE},
  isbn      = {1538637022},
  type      = {Conference Proceedings},
}

@InProceedings{Jansen,
  author    = {Jansen, Anton and Bosch, Jan},
  booktitle = {5th Working IEEE/IFIP Conference on Software Architecture (WICSA'05)},
  title     = {Software architecture as a set of architectural design decisions},
  pages     = {109-120},
  publisher = {IEEE},
  isbn      = {0769525482},
  type      = {Conference Proceedings},
}

@Article{Jaervinen2007,
  author  = {Järvinen, Pertti},
  journal = {Quality & Quantity},
  title   = {Action research is similar to design science},
  year    = {2007},
  issn    = {0033-5177},
  number  = {1},
  pages   = {37-54},
  volume  = {41},
  type    = {Journal Article},
}

@InBook{Javornik2019,
  author    = {Javornik, Marko and Nadoh, Nives and Lange, Dustin},
  pages     = {295-308},
  publisher = {Springer},
  title     = {Data Is the New Oil},
  year      = {2019},
  type      = {Book Section},
  booktitle = {Towards User-Centric Transport in Europe},
}

@Article{Jensen2018,
  author  = {Jensen, Maria Hoffmann and Nielsen, Peter Axel and Persson, John Stouby},
  journal = {Managing Big Data Analytics Projects: the Challenges of Realizing Value},
  title   = {MANAGING BIG DATA ANALYTICS PROJECTS: THE CHALLENGES OF REALIZING VALUE},
  year    = {2018},
  type    = {Journal Article},
}

@Article{JifanRen2017,
  author  = {Ji-fan Ren, Steven and Fosso Wamba, Samuel and Akter, Shahriar and Dubey, Rameshwar and Childe, Stephen J},
  journal = {International Journal of Production Research},
  title   = {Modelling quality dynamics, business value and firm performance in a big data analytics environment},
  year    = {2017},
  issn    = {0020-7543},
  number  = {17},
  pages   = {5011-5026},
  volume  = {55},
  type    = {Journal Article},
}

@Article{Jin2015,
  author  = {Jin, Songchang and Lin, Wangqun and Yin, Hong and Yang, Shuqiang and Li, Aiping and Deng, Bo},
  journal = {Cluster computing},
  title   = {Community structure mining in big data social media networks with MapReduce},
  year    = {2015},
  issn    = {1386-7857},
  number  = {3},
  pages   = {999-1010},
  volume  = {18},
  type    = {Journal Article},
}

@Article{Julien1996,
  author  = {Julien, Heidi},
  journal = {Library & Information Science Research},
  title   = {A content analysis of the recent information needs and uses literature},
  year    = {1996},
  issn    = {0740-8188},
  number  = {1},
  pages   = {53-65},
  volume  = {18},
  type    = {Journal Article},
}

@InProceedings{Kaisler,
  author    = {Kaisler, Stephen and Armour, Frank and Espinosa, J Alberto and Money, William},
  booktitle = {2013 46th Hawaii International Conference on System Sciences},
  title     = {Big data: Issues and challenges moving forward},
  pages     = {995-1004},
  publisher = {IEEE},
  isbn      = {1467359335},
  type      = {Conference Proceedings},
}

@Article{Kashlev2017,
  author  = {Kashlev, Andrey and Lu, Shiyong and Mohan, Aravind},
  journal = {Services Transactions on Big Data (STBD)},
  title   = {Big data workflows: A reference architecture and the dataview system},
  year    = {2017},
  number  = {1},
  pages   = {1-19},
  volume  = {4},
  type    = {Journal Article},
}

@Article{Kazman1996,
  author  = {Kazman, Rick and Abowd, Gregory and Bass, Len and Clements, Paul},
  journal = {IEEE software},
  title   = {Scenario-based analysis of software architecture},
  year    = {1996},
  issn    = {0740-7459},
  number  = {6},
  pages   = {47-55},
  volume  = {13},
  type    = {Journal Article},
}

@InProceedings{Kazman,
  author    = {Kazman, Rick and Klein, Mark and Barbacci, Mario and Longstaff, Tom and Lipson, Howard and Carriere, Jeromy},
  booktitle = {Proceedings. Fourth IEEE International Conference on Engineering of Complex Computer Systems (Cat. No. 98EX193)},
  title     = {The architecture tradeoff analysis method},
  pages     = {68-78},
  publisher = {IEEE},
  isbn      = {0818685972},
  type      = {Conference Proceedings},
}

@InProceedings{Kazmana,
  author    = {Kazman, Rick and Klein, Mark and Barbacci, Mario and Longstaff, Tom and Lipson, Howard and Carriere, Jeromy},
  booktitle = {Proceedings. Fourth IEEE International Conference on Engineering of Complex Computer Systems (Cat. No. 98EX193)},
  title     = {The architecture tradeoff analysis method},
  pages     = {68-78},
  publisher = {IEEE},
  isbn      = {0818685972},
  type      = {Conference Proceedings},
}

@Book{Kelly2010,
  author    = {Kelly, Kevin},
  publisher = {Penguin},
  title     = {What technology wants},
  year      = {2010},
  isbn      = {1101444460},
  type      = {Book},
}

@InProceedings{Kiran,
  author    = {Kiran, Mariam and Murphy, Peter and Monga, Inder and Dugan, Jon and Baveja, Sartaj Singh},
  booktitle = {2015 IEEE International Conference on Big Data (Big Data)},
  title     = {Lambda architecture for cost-effective batch and speed big data processing},
  pages     = {2785-2792},
  publisher = {IEEE},
  isbn      = {1479999261},
  type      = {Conference Proceedings},
}

@Article{Kiron2012,
  author  = {Kiron, David and Prentice, Pamela Kirk and Ferguson, Renee Boucher},
  journal = {MIT Sloan Management Review},
  title   = {Innovating with analytics},
  year    = {2012},
  issn    = {1532-9194},
  number  = {1},
  pages   = {47},
  volume  = {54},
  type    = {Journal Article},
}

@Article{Kishore2004,
  author  = {Kishore, Rajiv and Agrawal, Manish and Rao, H Raghav},
  journal = {Journal of Management Information Systems},
  title   = {Determinants of sourcing during technology growth and maturity: An empirical study of e-commerce sourcing},
  year    = {2004},
  issn    = {0742-1222},
  number  = {3},
  pages   = {47-82},
  volume  = {21},
  type    = {Journal Article},
}

@Article{Kitchenham2009,
  author  = {Kitchenham, Barbara and Brereton, O Pearl and Budgen, David and Turner, Mark and Bailey, John and Linkman, Stephen},
  journal = {Information and software technology},
  title   = {Systematic literature reviews in software engineering–a systematic literature review},
  year    = {2009},
  issn    = {0950-5849},
  number  = {1},
  pages   = {7-15},
  volume  = {51},
  type    = {Journal Article},
}

@InProceedings{Kitchenham,
  author    = {Kitchenham, Barbara A and Dyba, Tore and Jorgensen, Magne},
  booktitle = {Proceedings of the 26th international conference on software engineering},
  title     = {Evidence-based software engineering},
  pages     = {273-281},
  publisher = {IEEE Computer Society},
  isbn      = {0769521630},
  type      = {Conference Proceedings},
}

@Article{Kitchin2014,
  author  = {Kitchin, Rob},
  journal = {Big data & society},
  title   = {Big Data, new epistemologies and paradigm shifts},
  year    = {2014},
  issn    = {2053-9517},
  number  = {1},
  pages   = {2053951714528481},
  volume  = {1},
  type    = {Journal Article},
}

@Article{Klein2008,
  author  = {Klein, Heinz K and Rowe, Frantz},
  journal = {MIS Quarterly},
  title   = {Marshaling the Professional Experience of Doctoral Students: A Contribution to the Practical Relevance Debate},
  year    = {2008},
  issn    = {0276-7783},
  number  = {4},
  pages   = {675-686},
  volume  = {32},
  type    = {Journal Article},
}

@InProceedings{Klein,
  author    = {Klein, John and Buglak, Ross and Blockow, David and Wuttke, Troy and Cooper, Brenton},
  booktitle = {2016 IEEE/ACM 2nd International Workshop on Big Data Software Engineering (BIGDSE)},
  title     = {A reference architecture for big data systems in the national security domain},
  pages     = {51-57},
  publisher = {IEEE},
  isbn      = {1450341527},
  type      = {Conference Proceedings},
}

@InProceedings{Kleina,
  author    = {Klein, John and Buglak, Ross and Blockow, David and Wuttke, Troy and Cooper, Brenton},
  booktitle = {2016 IEEE/ACM 2nd International Workshop on Big Data Software Engineering (BIGDSE)},
  title     = {A reference architecture for big data systems in the national security domain},
  pages     = {51-57},
  publisher = {IEEE},
  isbn      = {1450341527},
  type      = {Conference Proceedings},
}

@InProceedings{Kleinb,
  author    = {Klein, John and Gorton, Ian},
  booktitle = {2015 1st International Workshop on Future of Software Architecture Design Assistants (FoSADA)},
  title     = {Design assistant for NoSQL technology selection},
  pages     = {1-6},
  publisher = {IEEE},
  isbn      = {1450334385},
  type      = {Conference Proceedings},
}

@Book{Kleppmann2017,
  author    = {Kleppmann, Martin},
  publisher = {" O'Reilly Media, Inc."},
  title     = {Designing data-intensive applications: The big ideas behind reliable, scalable, and maintainable systems},
  year      = {2017},
  isbn      = {1491903112},
  type      = {Book},
}

@InBook{Kohler2019,
  author    = {Kohler, Jens and Specht, Thomas},
  pages     = {38-70},
  publisher = {IGI Global},
  title     = {Towards a Secure, Distributed, and Reliable Cloud-Based Reference Architecture for Big Data in Smart Cities},
  year      = {2019},
  type      = {Book Section},
  booktitle = {Big Data Analytics for Smart and Connected Cities},
}

@InBook{Kohler2019a,
  author    = {Kohler, Jens and Specht, Thomas},
  pages     = {38-70},
  publisher = {IGI Global},
  title     = {Towards a Secure, Distributed, and Reliable Cloud-Based Reference Architecture for Big Data in Smart Cities},
  year      = {2019},
  type      = {Book Section},
  booktitle = {Big Data Analytics for Smart and Connected Cities},
}

@Article{Kruchten2006,
  author  = {Kruchten, Philippe and Obbink, Henk and Stafford, Judith},
  journal = {IEEE software},
  title   = {The past, present, and future for software architecture},
  year    = {2006},
  issn    = {0740-7459},
  number  = {2},
  pages   = {22-30},
  volume  = {23},
  type    = {Journal Article},
}

@Article{Kudyba2014,
  author  = {Kudyba, Stephan and Kwatinetz, Matthew},
  journal = {Big Data, Mining, and Analytics},
  title   = {Introduction to the big data era},
  year    = {2014},
  pages   = {1-17},
  type    = {Journal Article},
}

@Article{Kuechler2008,
  author  = {Kuechler, Bill and Vaishnavi, Vijay},
  journal = {European Journal of Information Systems},
  title   = {On theory development in design science research: anatomy of a research project},
  year    = {2008},
  issn    = {0960-085X},
  number  = {5},
  pages   = {489-504},
  volume  = {17},
  type    = {Journal Article},
}

@Article{Lambert2019,
  author = {Lambert, Philip A},
  title  = {The Complex Adaptive Process of Innovation Diffusion},
  year   = {2019},
  type   = {Journal Article},
}

@InProceedings{Li,
  author    = {Li, Qing and Xu, Zhiyong and Chan, Iotong and Yang, Shaobo and Pu, Yudi and Wei, Hailong and Yu, Chao},
  title     = {Big Data Architecture and Reference Models},
  pages     = {15-24},
  publisher = {Springer International Publishing},
  series    = {On the Move to Meaningful Internet Systems: OTM 2018 Workshops},
  isbn      = {978-3-030-11683-5},
  type      = {Conference Proceedings},
}

@Article{Li2012,
  author  = {Li, Shing-Han and Yen, David C and Lu, Wen-Hui and Wang, Chiang},
  journal = {Computers in Human Behavior},
  title   = {Identifying the signs of fraudulent accounts using data mining techniques},
  year    = {2012},
  issn    = {0747-5632},
  number  = {3},
  pages   = {1002-1013},
  volume  = {28},
  type    = {Journal Article},
}

@InProceedings{Liao,
  author    = {Liao, Cong and Squicciarini, Anna and Griffin, Chirstopher},
  booktitle = {Proceedings of the 5th ACM Conference on Data and Application Security and Privacy},
  title     = {Epidemic behavior of negative users in online social sites},
  pages     = {143-145},
  publisher = {ACM},
  isbn      = {1450331912},
  type      = {Conference Proceedings},
}

@Article{Lin2016,
  author  = {Lin, Kai and Xia, Fuzhen and Wang, Wenjian and Tian, Daxin and Song, Jeungeun},
  journal = {IEEE Access},
  title   = {System design for big data application in emotion-aware healthcare},
  year    = {2016},
  issn    = {2169-3536},
  pages   = {6901-6909},
  volume  = {4},
  type    = {Journal Article},
}

@Article{Lin2015,
  author  = {Lin, Ruoyun and Utz, Sonja},
  journal = {Computers in human behavior},
  title   = {The emotional responses of browsing Facebook: Happiness, envy, and the role of tie strength},
  year    = {2015},
  issn    = {0747-5632},
  pages   = {29-38},
  volume  = {52},
  type    = {Journal Article},
}

@Article{Long2015,
  author  = {Long, C},
  journal = {Indianapolis, Indiana},
  title   = {Data science and big data analytics: Discovering, analyzing, visualizing and presenting data},
  year    = {2015},
  type    = {Journal Article},
}

@Article{Love2005,
  author  = {Love, Peter ED and Irani, Zahir and Standing, Craig and Lin, Chad and Burn, Janice M},
  journal = {Information & Management},
  title   = {The enigma of evaluation: benefits, costs and risks of IT in Australian small–medium-sized enterprises},
  year    = {2005},
  issn    = {0378-7206},
  number  = {7},
  pages   = {947-964},
  volume  = {42},
  type    = {Journal Article},
}

@Article{Luo2016,
  author  = {Luo, Jake and Wu, Min and Gopukumar, Deepika and Zhao, Yiqing},
  journal = {Biomedical informatics insights},
  title   = {Big data application in biomedical research and health care: a literature review},
  year    = {2016},
  issn    = {1178-2226},
  pages   = {BII. S31559},
  volume  = {8},
  type    = {Journal Article},
}

@Misc{2013,
  year = {2013},
  isbn = {0960-085X},
  type = {Generic},
}

@Article{Maier2013,
  author  = {Maier, Markus and Serebrenik, A and Vanderfeesten, ITP},
  journal = {University of Eindhoven},
  title   = {Towards a big data reference architecture},
  year    = {2013},
  type    = {Journal Article},
}

@Article{Manyika2011,
  author  = {Manyika, James},
  journal = {http://www. mckinsey. com/Insights/MGI/Research/Technology_and_Innovation/Big_data_The_next_frontier_for_innovation},
  title   = {Big data: The next frontier for innovation, competition, and productivity},
  year    = {2011},
  type    = {Journal Article},
}

@Article{Manyika2011a,
  author = {Manyika, James and Chui, Michael and Brown, Brad and Bughin, Jacques and Dobbs, Richard and Roxburgh, Charles and Byers, Angela H},
  title  = {Big data: The next frontier for innovation, competition, and productivity},
  year   = {2011},
  type   = {Journal Article},
}

@Article{March1995,
  author  = {March, Salvatore T and Smith, Gerald F},
  journal = {Decision support systems},
  title   = {Design and natural science research on information technology},
  year    = {1995},
  issn    = {0167-9236},
  number  = {4},
  pages   = {251-266},
  volume  = {15},
  type    = {Journal Article},
}

@Article{March2008,
  author  = {March, Salvatore T and Storey, Veda C},
  journal = {MIS quarterly},
  title   = {Design science in the information systems discipline: an introduction to the special issue on design science research},
  year    = {2008},
  number  = {4},
  pages   = {725-730},
  volume  = {32},
  type    = {Journal Article},
}

@Misc{2019b,
  year = {2019},
  type = {Web Page},
  url  = {https://www.syntelli.com/choosing-a-partner-for-data-analytics-consulting-three-essential-considerations},
}

@Article{Markus2002,
  author  = {Markus, M Lynne and Majchrzak, Ann and Gasser, Les},
  journal = {MIS quarterly},
  title   = {A design theory for systems that support emergent knowledge processes},
  year    = {2002},
  issn    = {0276-7783},
  pages   = {179-212},
  type    = {Journal Article},
}

@Book{Marr2016,
  author    = {Marr, Bernard},
  publisher = {John Wiley & Sons},
  title     = {Big data in practice: how 45 successful companies used big data analytics to deliver extraordinary results},
  year      = {2016},
  isbn      = {1119231388},
  type      = {Book},
}

@Book{Marz2015,
  author    = {Marz, Nathan and Warren, James},
  publisher = {New York; Manning Publications Co.},
  title     = {Big Data: Principles and best practices of scalable real-time data systems},
  year      = {2015},
  type      = {Book},
}

@Article{Mathiassen2002,
  author  = {Mathiassen, Lars},
  journal = {Information Technology & People},
  title   = {Collaborative practice research},
  year    = {2002},
  issn    = {0959-3845},
  number  = {4},
  pages   = {321-345},
  volume  = {15},
  type    = {Journal Article},
}

@Article{McAfee2012,
  author  = {McAfee, Andrew and Brynjolfsson, Erik and Davenport, Thomas H and Patil, DJ and Barton, Dominic},
  journal = {Harvard business review},
  title   = {Big data: the management revolution},
  year    = {2012},
  number  = {10},
  pages   = {60-68},
  volume  = {90},
  type    = {Journal Article},
}

@InProceedings{Medvidovic,
  author    = {Medvidovic, Nenad and Taylor, Richard N},
  booktitle = {Proceedings of the 32nd ACM/IEEE International Conference on Software Engineering-Volume 2},
  title     = {Software architecture: foundations, theory, and practice},
  pages     = {471-472},
  publisher = {ACM},
  isbn      = {1605587192},
  type      = {Conference Proceedings},
}

@InProceedings{Medvidovica,
  author    = {Medvidovic, Nenad and Taylor, Richard N},
  booktitle = {Proceedings of the 32nd ACM/IEEE International Conference on Software Engineering-Volume 2},
  title     = {Software architecture: foundations, theory, and practice},
  pages     = {471-472},
  publisher = {ACM},
  isbn      = {1605587192},
  type      = {Conference Proceedings},
}

@Article{Mehta2018,
  author  = {Mehta, Nishita and Pandit, Anil},
  journal = {International journal of medical informatics},
  title   = {Concurrence of big data analytics and healthcare: A systematic review},
  year    = {2018},
  issn    = {1386-5056},
  pages   = {57-65},
  volume  = {114},
  type    = {Journal Article},
}

@Misc{,
  type = {Web Page},
  url  = {http://download.microsoft.com/download/F/A/1/FA126D6D841B-4565-BB26-D2ADD4A28F24/
Microsoft_Big_Data_Solution_Brief.pdf},
}

@Article{Mikalef2019,
  author  = {Mikalef, Patrick and Boura, Maria and Lekakos, George and Krogstie, John},
  journal = {Journal of Business Research},
  title   = {Big data analytics and firm performance: Findings from a mixed-method approach},
  year    = {2019},
  issn    = {0148-2963},
  pages   = {261-276},
  volume  = {98},
  type    = {Journal Article},
}

@Article{Mikalef2018,
  author  = {Mikalef, Patrick and Pappas, Ilias O and Krogstie, John and Giannakos, Michail},
  journal = {Information Systems and e-Business Management},
  title   = {Big data analytics capabilities: a systematic literature review and research agenda},
  year    = {2018},
  issn    = {1617-9846},
  number  = {3},
  pages   = {547-578},
  volume  = {16},
  type    = {Journal Article},
}

@Book{Mistrik2019,
  author    = {Mistrík, Ivan and Galster, Matthias and Maxim, Bruce R},
  publisher = {Auerbach Publications},
  title     = {Software Engineering for Variability Intensive Systems: Foundations and Applications},
  year      = {2019},
  isbn      = {0429666748},
  type      = {Book},
}

@Article{Moghaddam2018,
  author  = {Moghaddam, Mohsen and Cadavid, Marissa N and Kenley, C Robert and Deshmukh, Abhijit V},
  journal = {Journal of manufacturing systems},
  title   = {Reference architectures for smart manufacturing: a critical review},
  year    = {2018},
  issn    = {0278-6125},
  pages   = {215-225},
  volume  = {49},
  type    = {Journal Article},
}

@Book{Mokyr2002,
  author    = {Mokyr, Joel},
  publisher = {Princeton University Press},
  title     = {The gifts of Athena: Historical origins of the knowledge economy},
  year      = {2002},
  isbn      = {0691094837},
  type      = {Book},
}

@Article{Moniruzzaman2013,
  author  = {Moniruzzaman, ABM and Hossain, Syed Akhter},
  journal = {arXiv preprint arXiv:1307.0191},
  title   = {Nosql database: New era of databases for big data analytics-classification, characteristics and comparison},
  year    = {2013},
  type    = {Journal Article},
}

@Article{Murdoch2013,
  author  = {Murdoch, Travis B and Detsky, Allan S},
  journal = {Jama},
  title   = {The inevitable application of big data to health care},
  year    = {2013},
  issn    = {0098-7484},
  number  = {13},
  pages   = {1351-1352},
  volume  = {309},
  type    = {Journal Article},
}

@Article{Mysore2013,
  author  = {Mysore, Divakar and Khupat, S and Jain, S},
  journal = {IBM, White Paper},
  title   = {Big data architecture and patterns},
  year    = {2013},
  type    = {Journal Article},
}

@InProceedings{Nakagawa,
  author    = {Nakagawa, Elisa Yumi and Martins, Rafael Messias and Felizardo, Katia Romero and Maldonado, Jose Carlos},
  booktitle = {XXXV Latin American Informatics Conference (CLEI) 2009},
  title     = {Towards a process to design aspect-oriented reference architectures},
  type      = {Conference Proceedings},
}

@InProceedings{Nakagawaa,
  author    = {Nakagawa, Elisa Yumi and Martins, Rafael Messias and Felizardo, Katia Romero and Maldonado, Jose Carlos},
  booktitle = {Proceedings},
  title     = {Towards a process to design aspect-oriented reference architectures},
  type      = {Conference Proceedings},
}

@Article{Nash2015,
  author  = {Nash, Harvey},
  journal = {Association with KPMG},
  title   = {CIO SURVEY 2015},
  year    = {2015},
  type    = {Journal Article},
}

@Article{Niebel2019,
  author  = {Niebel, Thomas and Rasel, Fabienne and Viete, Steffen},
  journal = {Economics of Innovation and New Technology},
  title   = {BIG data–BIG gains? Understanding the link between big data analytics and innovation},
  year    = {2019},
  issn    = {1043-8599},
  number  = {3},
  pages   = {296-316},
  volume  = {28},
  type    = {Journal Article},
}

@Misc{2007,
  year   = {2007},
  number = {04},
  type   = {Generic},
  volume = {68},
}

@Article{Nye2013,
  author  = {Nye, JOSEPH S},
  journal = {Governance},
  title   = {Governance in the Information Age},
  year    = {2013},
  type    = {Journal Article},
}

@Article{OATH2007,
  author  = {OATH},
  journal = {OATH},
  title   = {OATH Reference Architecture, Release 2.0 Initiative for Open AuTHentication},
  year    = {2007},
  type    = {Journal Article},
  url     = {https://openauthentication.org/wp-content/uploads/2015/09/ReferenceArchitectureVersion2.pdf},
}

@Article{OMG2014,
  author  = {OMG},
  journal = {OMG, Inc},
  title   = {"Common Object Request Broker Architecture: Core Specification},
  year    = {2014},
  type    = {Journal Article},
  url     = {https://www.omg.org/spec/CORBA/3.0.3/PDF},
}

@Misc{2014a,
  year = {2014},
  type = {Web Page},
  url  = {http://www.oracle.com/technetwork/database/bigdataappliance/overview/bigdatarefarchitecture-2297765.pdf},
}

@Book{Oshana2019,
  author    = {Oshana, Robert and Kraeling, Mark},
  publisher = {Newnes},
  title     = {Software engineering for embedded systems: Methods, practical techniques, and applications},
  year      = {2019},
  isbn      = {0128094338},
  type      = {Book},
}

@InBook{Palmatier2019,
  author    = {Palmatier, Robert W and Martin, Kelly D},
  pages     = {73-92},
  publisher = {Springer},
  title     = {Big Data’s Marketing Applications and Customer Privacy},
  year      = {2019},
  type      = {Book Section},
  booktitle = {The Intelligent Marketer’s Guide to Data Privacy},
}

@Article{Partners2019,
  author  = {Partners, NewVantage},
  journal = {Data and Innovation},
  title   = {Big Data and AI Executive Survey 2019},
  year    = {2019},
  type    = {Journal Article},
}

@Article{Peffers2007,
  author  = {Peffers, Ken and Tuunanen, Tuure and Rothenberger, Marcus A and Chatterjee, Samir},
  journal = {Journal of management information systems},
  title   = {A design science research methodology for information systems research},
  year    = {2007},
  issn    = {0742-1222},
  number  = {3},
  pages   = {45-77},
  volume  = {24},
  type    = {Journal Article},
}

@Article{Petticrew2006,
  author  = {Petticrew, M and Roberts, H},
  journal = {Systematic reviews in the social sciences: a practical guide. Malden (MA): Blackwell Publishing},
  title   = {Exploring heterogeneity and publication bias},
  year    = {2006},
  pages   = {215-46},
  type    = {Journal Article},
}

@Article{Phillips2012,
  author  = {Phillips, Peter and Lee, Ickjai},
  journal = {Expert Systems with Applications},
  title   = {Mining co-distribution patterns for large crime datasets},
  year    = {2012},
  issn    = {0957-4174},
  number  = {14},
  pages   = {11556-11563},
  volume  = {39},
  type    = {Journal Article},
}

@Article{Pineiro2019,
  author  = {Piñeiro, Carlos and Morales, Joaquín and Rodríguez, María and Aparicio, María and Manzanilla, Edgar García and Koketsu, Yuzo},
  journal = {Animal Frontiers},
  title   = {Big (pig) data and the internet of the swine things: a new paradigm in the industry},
  year    = {2019},
  issn    = {2160-6056},
  number  = {2},
  pages   = {6-15},
  volume  = {9},
  type    = {Journal Article},
}

@Article{Popescu2019,
  author = {Popescu, Florentin and Iskandaryan, Roman and Weber, Tijmen},
  title  = {Big Data and International Accreditations in Higher Education: A Dutch–Russian Case Study},
  year   = {2019},
  type   = {Journal Article},
}

@Article{Popovic2018,
  author  = {Popovič, Aleš and Hackney, Ray and Tassabehji, Rana and Castelli, Mauro},
  journal = {Information Systems Frontiers},
  title   = {The impact of big data analytics on firms’ high value business performance},
  year    = {2018},
  issn    = {1387-3326},
  number  = {2},
  pages   = {209-222},
  volume  = {20},
  type    = {Journal Article},
}

@Article{Qin2019,
  author  = {Qin, Siyang and Man, Jie and Wang, Xuzhao and Li, Can and Dong, Honghui and Ge, Xinquan},
  journal = {Discrete Dynamics in Nature and Society},
  title   = {Applying Big Data Analytics to Monitor Tourist Flow for the Scenic Area Operation Management},
  year    = {2019},
  issn    = {1026-0226},
  volume  = {2019},
  type    = {Journal Article},
}

@Article{Rad2017,
  author  = {Rad, Babak Bashari and Ataei, Pouya},
  journal = {International Journal of Computer Science and Network Security (IJCSNS)},
  title   = {The big data Ecosystem and its Environs},
  year    = {2017},
  issn    = {1738-7906},
  number  = {3},
  pages   = {38},
  volume  = {17},
  type    = {Journal Article},
}

@Article{Rada2017,
  author = {Rada, Babak Bashari and Ataeib, Pouya and Khakbizc, Yasaman and Akbarzadehd, Nafisseh},
  title  = {The Hype of Emerging Technologies: Big Data as a Service},
  year   = {2017},
  type   = {Journal Article},
}

@Article{Ragin2009,
  author  = {Ragin, Charles C},
  journal = {Configurational comparative methods: Qualitative comparative analysis (QCA) and related techniques},
  title   = {Qualitative comparative analysis using fuzzy sets (fsQCA)},
  year    = {2009},
  pages   = {87-121},
  volume  = {51},
  type    = {Journal Article},
}

@Article{Raguseo2018,
  author  = {Raguseo, Elisabetta},
  journal = {International Journal of Information Management},
  title   = {Big data technologies: An empirical investigation on their adoption, benefits and risks for companies},
  year    = {2018},
  issn    = {0268-4012},
  number  = {1},
  pages   = {187-195},
  volume  = {38},
  type    = {Journal Article},
}

@Article{Ranjan2019,
  author  = {Ranjan, Jayanthi},
  journal = {Productivity},
  title   = {The 10 Vs of Big Data framework in the Context of 5 Industry Verticals},
  year    = {2019},
  issn    = {0032-9924},
  number  = {4},
  volume  = {59},
  type    = {Journal Article},
}

@Misc{2018a,
  year = {2018},
  isbn = {0010-485X},
  type = {Generic},
}

@InBook{Rathi2019,
  author    = {Rathi, Niraj A and Betala, Aditya S},
  pages     = {101-112},
  publisher = {Springer},
  title     = {How Marketing Decisions are Taken with the Help of Big Data},
  year      = {2019},
  type      = {Book Section},
  booktitle = {Data Management, Analytics and Innovation},
}

@Misc{2002,
  year = {2002},
  type = {Web Page},
  url  = {https://www.ibm.com/developerworks/rational/library/2774.html},
}

@Article{Rialti2019,
  author  = {Rialti, Riccardo and Marzi, Giacomo and Ciappei, Cristiano and Busso, Donatella},
  journal = {Management Decision},
  title   = {Big data and dynamic capabilities: a bibliometric analysis and systematic literature review},
  year    = {2019},
  issn    = {0025-1747},
  type    = {Journal Article},
}

@Book{Ridley2015,
  author    = {Ridley, Matt},
  publisher = {HarperCollins},
  title     = {The evolution of everything: How new ideas emerge},
  year      = {2015},
  isbn      = {0062296027},
  type      = {Book},
}

@Article{RodriguesJr2019,
  author  = {Rodrigues Jr, Jose F and Florea, Larisa and de Oliveira, Maria CF and Diamond, Dermot and Oliveira Jr, Osvaldo N},
  journal = {arXiv preprint arXiv:1904.10370},
  title   = {A survey on Big Data and Machine Learning for Chemistry},
  year    = {2019},
  type    = {Journal Article},
}

@Article{Rogers2004,
  author  = {Rogers, Everett M},
  journal = {Journal of health communication},
  title   = {A prospective and retrospective look at the diffusion model},
  year    = {2004},
  issn    = {1081-0730},
  number  = {S1},
  pages   = {13-19},
  volume  = {9},
  type    = {Journal Article},
}

@Article{Rosemann2008,
  author  = {Rosemann, Michael and Vessey, Iris},
  journal = {Mis Quarterly},
  title   = {Toward improving the relevance of information systems research to practice: the role of applicability checks},
  year    = {2008},
  issn    = {0276-7783},
  pages   = {1-22},
  type    = {Journal Article},
}

@Book{Rozanski2012,
  author    = {Rozanski, Nick and Woods, Eóin},
  publisher = {Addison-Wesley},
  title     = {Software systems architecture: working with stakeholders using viewpoints and perspectives},
  year      = {2012},
  isbn      = {032171833X},
  type      = {Book},
}

@Book{Rozanski2012a,
  author    = {Rozanski, Nick and Woods, Eóin},
  publisher = {Addison-Wesley},
  title     = {Software systems architecture: working with stakeholders using viewpoints and perspectives},
  year      = {2012},
  isbn      = {032171833X},
  type      = {Book},
}

@Book{Sadalage2013,
  author    = {Sadalage, Pramod J and Fowler, Martin},
  publisher = {Pearson Education},
  title     = {NoSQL distilled: a brief guide to the emerging world of polyglot persistence},
  year      = {2013},
  isbn      = {0321826620},
  type      = {Book},
}

@Book{Sadalage2013a,
  author    = {Sadalage, Pramod J and Fowler, Martin},
  publisher = {Pearson Education},
  title     = {NoSQL distilled: a brief guide to the emerging world of polyglot persistence},
  year      = {2013},
  isbn      = {0321826620},
  type      = {Book},
}

@InProceedings{Sagiroglu,
  author    = {Sagiroglu, Seref and Sinanc, Duygu},
  booktitle = {2013 International Conference on Collaboration Technologies and Systems (CTS)},
  title     = {Big data: A review},
  pages     = {42-47},
  publisher = {IEEE},
  isbn      = {1467364045},
  type      = {Conference Proceedings},
}

@InProceedings{Sagiroglua,
  author    = {Sagiroglu, Seref and Sinanc, Duygu},
  booktitle = {2013 International Conference on Collaboration Technologies and Systems (CTS)},
  title     = {Big data: A review},
  pages     = {42-47},
  publisher = {IEEE},
  isbn      = {1467364045},
  type      = {Conference Proceedings},
}

@Article{SAP2016,
  author = {SAP},
  title  = {NEC Reference Architecture for SAP HANA & Hadoop},
  year   = {2016},
  type   = {Journal Article},
  url    = {https://www.nec.com/en/global/prod/slpf/product/dph/images/Whitepaper_NEC_SAPHANA_Hadoop.pdf},
}

@Article{Sbaraini2011,
  author  = {Sbaraini, Alexandra and Carter, Stacy M and Evans, R Wendell and Blinkhorn, Anthony},
  journal = {BMC medical research methodology},
  title   = {How to do a grounded theory study: a worked example of a study of dental practices},
  year    = {2011},
  issn    = {1471-2288},
  number  = {1},
  pages   = {128},
  volume  = {11},
  type    = {Journal Article},
}

@Article{Segall2019,
  author  = {Segall, Richard S and Cook, Jeffrey S and Niu, Gao},
  journal = {International Journal of Fog Computing (IJFC)},
  title   = {Overview of Big Data-Intensive Storage and its Technologies for Cloud and Fog Computing},
  year    = {2019},
  number  = {1},
  pages   = {74-113},
  volume  = {2},
  type    = {Journal Article},
}

@InBook{Selamat2019,
  author    = {Selamat, Siti Aishah Mohd and Prakoonwit, Simant and Sahandi, Reza and Khan, Wajid},
  pages     = {77-88},
  publisher = {IGI Global},
  title     = {Big Data and IoT Opportunities for Small and Medium-Sized Enterprises (SMEs)},
  year      = {2019},
  type      = {Book Section},
  booktitle = {Handbook of Research on Big Data and the IoT},
}

@Article{Shahbaz2019,
  author  = {Shahbaz, Muhammad and Gao, Changyuan and Zhai, LiLi and Shahzad, Fakhar and Hu, Yanling},
  journal = {Journal of Big Data},
  title   = {Investigating the adoption of big data analytics in healthcare: the moderating role of resistance to change},
  year    = {2019},
  issn    = {2196-1115},
  number  = {1},
  pages   = {6},
  volume  = {6},
  type    = {Journal Article},
}

@Article{Sharp2013,
  author = {Sharp, John and McMurtry, Douglas and Oakley, Andrew and Subramanian, Mani and Zhang, Hanzhong},
  title  = {Data access for highly-scalable solutions: Using sql, nosql, and polyglot persistence},
  year   = {2013},
  issn   = {162114030X},
  type   = {Journal Article},
}

@Article{Sharpe2019,
  author  = {Sharpe, Richard and van Lopik, Katherine and Neal, Aaron and Goodall, Paul and Conway, Paul P and West, Andrew A},
  journal = {Computers in Industry},
  title   = {An industrial evaluation of an Industry 4.0 reference architecture demonstrating the need for the inclusion of security and human components},
  year    = {2019},
  issn    = {0166-3615},
  pages   = {37-44},
  volume  = {108},
  type    = {Journal Article},
}

@Article{Siddiqa2017,
  author  = {Siddiqa, Aisha and Karim, Ahmad and Gani, Abdullah},
  journal = {Frontiers of Information Technology & Electronic Engineering},
  title   = {Big data storage technologies: a survey},
  year    = {2017},
  issn    = {2095-9184},
  number  = {8},
  pages   = {1040-1070},
  volume  = {18},
  type    = {Journal Article},
}

@Article{SieviKorte2019,
  author  = {Sievi-Korte, Outi and Richardson, Ita and Beecham, Sarah},
  journal = {Journal of Systems and Software},
  title   = {Software architecture design in global software development: An empirical study},
  year    = {2019},
  issn    = {0164-1212},
  pages   = {110400},
  volume  = {158},
  type    = {Journal Article},
}

@Book{Sigala2019,
  author    = {Sigala, Marianna},
  publisher = {ieeexplore},
  title     = {Big Data and Innovation in Tourism, Travel, and Hospitality: Managerial Approaches, Techniques, and Applications},
  year      = {2019},
  isbn      = {9811363390},
  type      = {Book},
}

@Article{Simon1969,
  author  = {Simon, Herbert A},
  journal = {Cambridge, MA},
  title   = {The sciences of the artiﬁcial},
  year    = {1969},
  type    = {Journal Article},
}

@Article{Simon1969a,
  author  = {Simon, Herbert A},
  journal = {Cambridge, MA},
  title   = {The sciences of the artificial MIT Press},
  year    = {1969},
  type    = {Journal Article},
}

@Article{Simon1996,
  author  = {Simon, Herbert A},
  journal = {MIT press, CambridgeSteyaert C, Katz J (2004) Reclaiming the space of entrepreneurship in society: geographical, discursive and social dimensions. Entrep Reg Dev},
  title   = {The sciences of the artificial (Vol. 136)},
  year    = {1996},
  number  = {3},
  pages   = {179196Vaghely},
  volume  = {16},
  type    = {Journal Article},
}

@Article{Singh2019,
  author  = {Singh, Nitin and Lai, Kee-Hung and Vejvar, Markus and Cheng, TCE},
  journal = {IEEE Engineering Management Review},
  title   = {Big data technology: Challenges, prospects and realities},
  year    = {2019},
  issn    = {0360-8581},
  type    = {Journal Article},
}

@Article{Snijders2012,
  author  = {Snijders, Chris and Matzat, Uwe and Reips, Ulf-Dietrich},
  journal = {International Journal of Internet Science},
  title   = {" Big Data": big gaps of knowledge in the field of internet science},
  year    = {2012},
  number  = {1},
  pages   = {1-5},
  volume  = {7},
  type    = {Journal Article},
}

@Article{Song2019,
  author  = {Song, Zhiting and Sun, Yanming and Wan, Jiafu and Huang, Lingli and Zhu, Jianhua},
  journal = {Electronic Markets},
  title   = {Smart e-commerce systems: current status and research challenges},
  year    = {2019},
  issn    = {1019-6781},
  number  = {2},
  pages   = {221-238},
  volume  = {29},
  type    = {Journal Article},
}

@Article{Srinivasan2013,
  author  = {Srinivasan, Uma and Arunasalam, Bavani},
  journal = {IT professional},
  title   = {Leveraging big data analytics to reduce healthcare costs},
  year    = {2013},
  issn    = {1520-9202},
  number  = {6},
  pages   = {21-28},
  volume  = {15},
  type    = {Journal Article},
}

@InProceedings{Srivastava,
  author    = {Srivastava, Kriti and Shekokar, Narendra},
  booktitle = {2016 International Conference on Information Science (ICIS)},
  title     = {A Polyglot Persistence approach for E-Commerce business model},
  pages     = {7-11},
  publisher = {IEEE},
  isbn      = {1509019871},
  type      = {Conference Proceedings},
}

@Article{Srivastava2018,
  author  = {Srivastava, Rajeev},
  journal = {International Journal Of Scientific And Innovative Research},
  title   = {Big Data: Issues And Challenges},
  year    = {2018},
  number  = {6},
  pages   = {1},
  type    = {Journal Article},
}

@Article{Stats2017,
  author = {Stats, Internet Live},
  title  = {Internet users},
  year   = {2017},
  type   = {Journal Article},
}

@Article{Storey2017,
  author  = {Storey, Veda C and Song, Il-Yeol},
  journal = {Data & Knowledge Engineering},
  title   = {Big data technologies and management: What conceptual modeling can do},
  year    = {2017},
  issn    = {0169-023X},
  pages   = {50-67},
  volume  = {108},
  type    = {Journal Article},
}

@Article{Straub2008,
  author  = {Straub, Detmar W and Ang, Soon},
  journal = {Mis Quarterly},
  title   = {Editor's comments: readability and the relevance versus rigor debate},
  year    = {2008},
  issn    = {0276-7783},
  pages   = {iii-xiii},
  type    = {Journal Article},
}

@Article{Straub2011,
  author  = {Straub, Detmar W and Ang, Soon},
  journal = {Management Information Systems Quarterly},
  title   = {Rigor and relevance in IS research: Redefining the debate and a call for future research},
  year    = {2011},
  number  = {1},
  pages   = {iii-xi},
  volume  = {35},
  type    = {Journal Article},
}

@InProceedings{Stricker,
  author    = {Stricker, Vanessa and Lauenroth, Kim and Corte, Piero and Gittler, Frederic and De Panfilis, Stefano and Pohl, Klaus},
  booktitle = {Future Internet Assembly},
  title     = {Creating a Reference Architecture for Service-Based Systems-A Pattern-Based Approach},
  pages     = {149-160},
  type      = {Conference Proceedings},
}

@Article{Sun2019,
  author  = {Sun, Zhaohao and Huo, Yanxia},
  journal = {Journal of Computer Information Systems},
  title   = {The Spectrum of Big Data Analytics},
  year    = {2019},
  issn    = {0887-4417},
  pages   = {1-9},
  type    = {Journal Article},
}

@PhdThesis{Suthakar2017,
  author     = {Suthakar, Uthayanath},
  title      = {A scalable data store and analytic platform for real-time monitoring of data-intensive scientific infrastructure},
  year       = {2017},
  type       = {Thesis},
  university = {Brunel University London},
}

@Article{Szajna1994,
  author  = {Szajna, Bernadette},
  journal = {ACM SIGMIS Database: the DATABASE for Advances in Information Systems},
  title   = {How much is information systems research addressing key practitioner concerns?},
  year    = {1994},
  issn    = {0095-0033},
  number  = {2},
  pages   = {49-59},
  volume  = {25},
  type    = {Journal Article},
}

@Article{Tabesh2019,
  author  = {Tabesh, Pooya and Mousavidin, Elham and Hasani, Sona},
  journal = {Business Horizons},
  title   = {Implementing big data strategies: A managerial perspective},
  year    = {2019},
  issn    = {0007-6813},
  type    = {Journal Article},
}

@Article{Taylor2010,
  author  = {Taylor, Hazel and Dillon, Stuart and Van Wingen, Melinda},
  journal = {Mis Quarterly},
  title   = {Focus and diversity in information systems research: Meeting the dual demands of a healthy applied discipline},
  year    = {2010},
  issn    = {0276-7783},
  pages   = {647-667},
  type    = {Journal Article},
}

@Article{Thorstad2018,
  author  = {Thorstad, Robert and Wolff, Phillip},
  journal = {Proceedings of the National Academy of Sciences},
  title   = {A big data analysis of the relationship between future thinking and decision-making},
  year    = {2018},
  issn    = {0027-8424},
  number  = {8},
  pages   = {E1740-E1748},
  volume  = {115},
  type    = {Journal Article},
}

@InProceedings{Tran,
  author    = {Tran, Phuong Hanh and Tran, Kim Phuc and Huong, Truong Thu and Heuchenne, Cédric and HienTran, Phuong and Le, Thi Minh Huong},
  booktitle = {Proceedings of the 2018 International Conference on E-Business and Applications},
  title     = {Real time data-driven approaches for credit card fraud detection},
  pages     = {6-9},
  publisher = {ACM},
  isbn      = {1450363687},
  type      = {Conference Proceedings},
}

@InProceedings{Twardowski,
  author    = {Twardowski, Bartlomiej and Ryzko, Dominik},
  booktitle = {2014 IEEE/WIC/ACM International Joint Conferences on Web Intelligence (WI) and Intelligent Agent Technologies (IAT)},
  title     = {Multi-agent architecture for real-time big data processing},
  pages     = {333-337},
  publisher = {IEEE},
  volume    = {3},
  isbn      = {1479941433},
  type      = {Conference Proceedings},
}

@InProceedings{Unhelkar,
  author    = {Unhelkar, Bhuvan and Askren, Joe},
  booktitle = {Future of Information and Communication Conference},
  title     = {Development and Initial Validation of the Big Data Framework for Agile Business: Transformational Innovation Initiative},
  pages     = {952-960},
  publisher = {Springer},
  type      = {Conference Proceedings},
}

@Article{Urbinati2019,
  author  = {Urbinati, Andrea and Bogers, Marcel and Chiesa, Vittorio and Frattini, Federico},
  journal = {Technovation},
  title   = {Creating and capturing value from Big Data: A multiple-case study analysis of provider companies},
  year    = {2019},
  issn    = {0166-4972},
  pages   = {21-36},
  volume  = {84},
  type    = {Journal Article},
}

@Article{Vaast2009,
  author  = {Vaast, Emmanuelle and Walsham, Geoff},
  journal = {Information Systems Research},
  title   = {Trans-situated learning: supporting a network of practice with an information infrastructure},
  year    = {2009},
  issn    = {1047-7047},
  number  = {4},
  pages   = {547-564},
  volume  = {20},
  type    = {Journal Article},
}

@Article{Driest2016,
  author  = {van den Driest, Frank and Sthanunathan, Stan and Weed, Keith},
  journal = {Harvard business review},
  title   = {Building an insights engine},
  year    = {2016},
  issn    = {0017-8012},
  number  = {9},
  pages   = {15},
  volume  = {94},
  type    = {Journal Article},
}

@Article{Engelenburg2019,
  author  = {van Engelenburg, Sélinde and Janssen, Marijn and Klievink, Bram},
  journal = {Journal of Intelligent information systems},
  title   = {Design of a software architecture supporting business-to-government information sharing to improve public safety and security},
  year    = {2019},
  issn    = {0925-9902},
  pages   = {1-24},
  type    = {Journal Article},
}

@InBook{Vassakis2018,
  author    = {Vassakis, Konstantinos and Petrakis, Emmanuel and Kopanakis, Ioannis},
  pages     = {3-20},
  publisher = {Springer},
  title     = {Big data analytics: applications, prospects and challenges},
  year      = {2018},
  type      = {Book Section},
  booktitle = {Mobile Big Data},
}

@Article{Verble2014,
  author  = {Verble, Joseph},
  journal = {ACM SIGCAS Computers and Society},
  title   = {The NSA and Edward Snowden: surveillance in the 21st century},
  year    = {2014},
  issn    = {0095-2737},
  number  = {3},
  pages   = {14-20},
  volume  = {44},
  type    = {Journal Article},
}

@Article{Vidgen2017,
  author  = {Vidgen, Richard and Shaw, Sarah and Grant, David B},
  journal = {European Journal of Operational Research},
  title   = {Management challenges in creating value from business analytics},
  year    = {2017},
  issn    = {0377-2217},
  number  = {2},
  pages   = {626-639},
  volume  = {261},
  type    = {Journal Article},
}

@Article{Vogel2009,
  author  = {Vogel, Oliver and Arnold, Ingo and Chughtai, Arif and Ihler, Edmund and Kehrer, Timo and Mehlig, Uwe and Zdun, Uwe},
  journal = {Praxis},
  title   = {Software-Architektur: Grundlagen–Konzepte},
  year    = {2009},
  volume  = {2},
  type    = {Journal Article},
}

@Article{VonAlan2004,
  author  = {Von Alan, R Hevner and March, Salvatore T and Park, Jinsoo and Ram, Sudha},
  journal = {MIS quarterly},
  title   = {Design science in information systems research},
  year    = {2004},
  number  = {1},
  pages   = {75-105},
  volume  = {28},
  type    = {Journal Article},
}

@Article{VonAlan2004a,
  author  = {Von Alan, R Hevner and March, Salvatore T and Park, Jinsoo and Ram, Sudha},
  journal = {MIS quarterly},
  title   = {Design science in information systems research},
  year    = {2004},
  number  = {1},
  pages   = {75-105},
  volume  = {28},
  type    = {Journal Article},
}

@Article{Wamba2017,
  author  = {Wamba, Samuel Fosso and Gunasekaran, Angappa and Akter, Shahriar and Ren, Steven Ji-fan and Dubey, Rameshwar and Childe, Stephen J},
  journal = {Journal of Business Research},
  title   = {Big data analytics and firm performance: Effects of dynamic capabilities},
  year    = {2017},
  issn    = {0148-2963},
  pages   = {356-365},
  volume  = {70},
  type    = {Journal Article},
}

@Article{Wang2020,
  author  = {Wang, C Jason and Ng, Chun Y and Brook, Robert H},
  journal = {Jama},
  title   = {Response to COVID-19 in Taiwan: big data analytics, new technology, and proactive testing},
  year    = {2020},
  type    = {Journal Article},
}

@Article{Wang2016,
  author  = {Wang, Hai and Xu, Zeshui and Fujita, Hamido and Liu, Shousheng},
  journal = {Information Sciences},
  title   = {Towards felicitous decision making: An overview on challenges and trends of Big Data},
  year    = {2016},
  issn    = {0020-0255},
  pages   = {747-765},
  volume  = {367},
  type    = {Journal Article},
}

@InProceedings{Wang,
  author    = {Wang, Lei and Zhan, Jianfeng and Luo, Chunjie and Zhu, Yuqing and Yang, Qiang and He, Yongqiang and Gao, Wanling and Jia, Zhen and Shi, Yingjie and Zhang, Shujie},
  booktitle = {2014 IEEE 20th International Symposium on High Performance Computer Architecture (HPCA)},
  title     = {Bigdatabench: A big data benchmark suite from internet services},
  pages     = {488-499},
  publisher = {IEEE},
  isbn      = {1479930970},
  type      = {Conference Proceedings},
}

@Article{Wang2010,
  author  = {Wang, Ping},
  journal = {MIS quarterly},
  title   = {Chasing the hottest IT: Effects of information technology fashion on organizations},
  year    = {2010},
  issn    = {0276-7783},
  number  = {1},
  volume  = {34},
  type    = {Journal Article},
}

@Article{Wang2018,
  author  = {Wang, Yichuan and Kung, LeeAnn and Byrd, Terry Anthony},
  journal = {Technological Forecasting and Social Change},
  title   = {Big data analytics: Understanding its capabilities and potential benefits for healthcare organizations},
  year    = {2018},
  issn    = {0040-1625},
  pages   = {3-13},
  volume  = {126},
  type    = {Journal Article},
}

@Article{Wang2018a,
  author  = {Wang, Yichuan and Kung, LeeAnn and Wang, William Yu Chung and Cegielski, Casey G},
  journal = {Information & Management},
  title   = {An integrated big data analytics-enabled transformation model: Application to health care},
  year    = {2018},
  issn    = {0378-7206},
  number  = {1},
  pages   = {64-79},
  volume  = {55},
  type    = {Journal Article},
}

@Article{Watson2019,
  author  = {Watson, Hugh J},
  journal = {Communications of the Association for Information Systems},
  title   = {Update Tutorial: Big Data Analytics: Concepts, Technology, and Applications},
  year    = {2019},
  issn    = {1529-3181},
  number  = {1},
  pages   = {21},
  volume  = {44},
  type    = {Journal Article},
}

@Article{Weyrich2015,
  author  = {Weyrich, Michael and Ebert, Christof},
  journal = {IEEE Software},
  title   = {Reference architectures for the internet of things},
  year    = {2015},
  issn    = {0740-7459},
  number  = {1},
  pages   = {112-116},
  volume  = {33},
  type    = {Journal Article},
}

@Misc{2019c,
  year = {2019},
  type = {Web Page},
}

@InProceedings{Williams,
  author    = {Williams, Lloyd G and Smith, Connie U},
  booktitle = {Proceedings of the 3rd international workshop on Software and performance},
  title     = {PASASM: a method for the performance assessment of software architectures},
  pages     = {179-189},
  type      = {Conference Proceedings},
}

@Article{Winter2008,
  author  = {Winter, Robert},
  journal = {European Journal of Information Systems},
  title   = {Design science research in Europe},
  year    = {2008},
  issn    = {0960-085X},
  number  = {5},
  pages   = {470-475},
  volume  = {17},
  type    = {Journal Article},
}

@Article{Wirth2008,
  author  = {Wirth, Niklaus},
  journal = {IEEE Annals of the History of Computing},
  title   = {A brief history of software engineering},
  year    = {2008},
  issn    = {1058-6180},
  number  = {3},
  pages   = {32-39},
  volume  = {30},
  type    = {Journal Article},
}

@Article{Woodman1993,
  author  = {Woodman, Richard W},
  journal = {Organization Development Journal},
  title   = {Observations on the field of organizational change and development from the lunatic fringe},
  year    = {1993},
  number  = {2},
  pages   = {71-75},
  volume  = {11},
  type    = {Journal Article},
}

@Article{Wright2019,
  author  = {Wright, Len Tiu and Robin, Robin and Stone, Merlin and Aravopoulou, Dr Eleni},
  journal = {Journal of Business-to-Business Marketing},
  title   = {Adoption of big data technology for innovation in B2B marketing},
  year    = {2019},
  issn    = {1051-712X},
  pages   = {1-13},
  type    = {Journal Article},
}

@Book{Wu2002,
  author    = {Wu, Hongjing},
  publisher = {Citeseer},
  title     = {A reference architecture for Adaptive Hypermedia Applications},
  year      = {2002},
  isbn      = {9038605722},
  type      = {Book},
}

@Article{Wu2005,
  author  = {Wu, Jen-Her and Wang, Shu-Ching},
  journal = {Information & management},
  title   = {What drives mobile commerce?: An empirical evaluation of the revised technology acceptance model},
  year    = {2005},
  issn    = {0378-7206},
  number  = {5},
  pages   = {719-729},
  volume  = {42},
  type    = {Journal Article},
}

@Article{Xia2018,
  author  = {Xia, Xiaochen and Xu, Kui and Wang, Yurong and Xu, Youyun},
  journal = {IEEE Vehicular Technology Magazine},
  title   = {A 5G-enabling technology: Benefits, feasibility, and limitations of in-band full-duplex mMIMO},
  year    = {2018},
  issn    = {1556-6072},
  number  = {3},
  pages   = {81-90},
  volume  = {13},
  type    = {Journal Article},
}

@Article{Zaki2014,
  author  = {Zaki, Asadulla Khan},
  journal = {International Journal of Research in Engineering and Technology (IJRET)},
  title   = {NoSQL databases: new millennium database for big data, big users, cloud computing and its security challenges},
  year    = {2014},
  number  = {15},
  pages   = {403-409},
  volume  = {3},
  type    = {Journal Article},
}

@InProceedings{Zhang,
  author    = {Zhang, Mu and Liu, Jianfeng and Feng, Lin},
  booktitle = {2019 International Conference on Intelligent Transportation, Big Data & Smart City (ICITBS)},
  title     = {The Application of Big Data Technology in Creative Travel},
  pages     = {317-319},
  publisher = {IEEE},
  isbn      = {1728113075},
  type      = {Conference Proceedings},
}

@Article{Zhang2019,
  author  = {Zhang, Yin and Abbas, Haider and Sun, Yi},
  journal = {Electronic Markets},
  title   = {Smart e-commerce integration with recommender systems},
  year    = {2019},
  issn    = {1019-6781},
  number  = {2},
  pages   = {219-220},
  volume  = {29},
  type    = {Journal Article},
}

@Article{Zhang2016,
  author  = {Zhang, Yunquan and Cao, Ting and Li, Shigang and Tian, Xinhui and Yuan, Liang and Jia, Haipeng and Vasilakos, Athanasios V},
  journal = {Proceedings of the IEEE},
  title   = {Parallel processing systems for big data: a survey},
  year    = {2016},
  issn    = {0018-9219},
  number  = {11},
  pages   = {2114-2136},
  volume  = {104},
  type    = {Journal Article},
}

@Article{Zhang2015,
  author  = {Zhang, Yin and Qiu, Meikang and Tsai, Chun-Wei and Hassan, Mohammad Mehedi and Alamri, Atif},
  journal = {IEEE Systems Journal},
  title   = {Health-CPS: Healthcare cyber-physical system assisted by cloud and big data},
  year    = {2015},
  issn    = {1932-8184},
  number  = {1},
  pages   = {88-95},
  volume  = {11},
  type    = {Journal Article},
}

@InProceedings{Zhuo,
  author    = {Zhuo, Zhiyi and Zhang, Shanhu},
  booktitle = {Proceedings of the 2019 11th International Conference on Machine Learning and Computing},
  title     = {Research on the Application of Big Data Management in Enterprise Management Decision-making and Execution Literature Review},
  pages     = {268-273},
  publisher = {ACM},
  isbn      = {1450366007},
  type      = {Conference Proceedings},
}

@Article{Zimmermann1980,
  author  = {Zimmermann, Hubert},
  journal = {IEEE Transactions on communications},
  title   = {OSI reference model-the ISO model of architecture for open systems interconnection},
  year    = {1980},
  issn    = {0090-6778},
  number  = {4},
  pages   = {425-432},
  volume  = {28},
  type    = {Journal Article},
}

@Book{Zomaya2017,
  author    = {Zomaya, Albert Y and Sakr, Sherif},
  publisher = {Springer},
  title     = {Handbook of big data technologies},
  year      = {2017},
  isbn      = {331949340X},
  type      = {Book},
}

